3224 4734
243 546 318 610 dum
343 564 417 612 esse
440 545 631 610 contendam
652 565 674 610 a
696 545 853 611 vocabulo
875 545 1217 632 „Summus“1)e'thoc
1238 545 1367 611 nomine

243 647 367 714 Summi
389 648 442 713 vol
466 647 659 733 Summano)
682 647 918 733 antiquissimis
933 649 1133 734 temporibus
1148 667 1264 715 numen
1287 645 1367 714 divi-

246 771 321 816 uum
344 752 478 816 Romae·
498 751 617 816 cultum
642 751 756 842 ossei).
792 749 952 818 Suffixum
978 751 1095 836 ‚‚auus“
1126 757 1279 836 quantam
1300 751 1366 816 vim

245 859 277 920 et
309 854 398 938 apud
430 854 574 919 Graecos
606 859 638 919 et
668 854 756 938 apud
787 855 950 921 Romanos
981 853 1129 919 babuerit
1160 854 1204 920 ad
1234 855 1366 921 deorum

243 957 374 1022 nomina
395 955 566 1021 formanda
589 960 621 1021 et
643 955 871 1039 amplificanda
887 974 980 1022 nemo
996 957 1138 1040 nescire)
1162 977 1268 1041 neque
1289 977 1367 1024 vero

243 1060 414 1142 quicquam
437 1058 569 1143 saepius
591 1058 659 1123 ficri
683 1059 766 1124 solet
789 1078 885 1144 quam
907 1064 943 1124 ut
965 1079 1081 1124 nomen
1096 1058 1161 1137 ‚dei
1190 1059 1245 1144 qui
1267 1065 1366 1126 antea

242 1163 276 1226 in
298 1181 416 1246 magno
438 1161 562 1226 honore
585 1167 668 1244 erat,
699 1162 804 1228 abeo
827 1160 888 1227 deo
912 1167 1097 1229 assumatur
1120 1161 1175 1246 qui
1196 1162 1301 1229 locum
1324 1165 1390 1248 ab¹

241 1265 298 1330 illo
319 1270 417 1332 antea
439 1263 607 1330 obsessum
630 1268 776 1347 occupat.
812 1261 866 1328 Sic
882 1283 911 1330 e.
933 1284 959 1330 e.
980 1253 1070 1348 apud
1093 1264 1236 1331 Graecos
1250 1257 1366 1330 Horeb

243 1367 380 1452 primum
402 1387 461 1453 per
484 1385 520 1432 se
543 1367 648 1432 cultus
671 1371 787 1453 postea
809 1365 975 1451 epitheton
991 1366 1153 1450 Apollinis
1175 1367 1281 1433 factus
1304 1372 1365 1452 est3

171 1527 174 1532 Δ
242 1469 392 1536 similiter
413 1468 519 1554 egisse
541 1469 693 1535 videntur
707 1468 887 1551 Romania)
911 1475 1021 1534 exstat
1047 1469 1134 1536 enim
1151 1469 1263 1537 titulus
1277 1471 1365 1556 apud

242 1571 398 1639 Orellium
420 1595 449 1640 n.
472 1571 567 1664 1216:
591 1571 629 1640 V.
652 1572 684 1636 S.
709 1571 742 1636 L.
764 1572 807 1636 M.
823 1571 894 1636 Iovi
918 1571 991 1636 Alto
1008 1572 1197 1655 Summano;
1220 1572 1258 1638 cf.
1282 1573 1317 1640 (l.
1340 1575 1364 1639 1.

242 1677 276 1742 L.
291 1676 330 1741 V.
345 1675 441 1742 5560:
464 1675 588 1761 Iupiter
602 1674 697 1739 Altus
711 1673 914 1758 Summanus,
930 1675 1015 1739 3256
1031 1673 1155 1758 lupiter
1172 1675 1365 1741 Summanus
1420 1663 1425 1674 ’
1462 1745 1464 1756 .

242 1783 274 1844 st
296 1777 380 1844 bunc
403 1777 500 1843 deum
523 1775 731 1842 Summanum
752 1781 863 1842 narrat
885 1777 997 1844 Cicero
1020 1776 1056 1843 in
1080 1772 1162 1842 libro
1186 1776 1228 1845 dc
1256 1777 1320 1845 div.
1342 1783 1364 1844 l.

244 1880 293 1945 10.
317 1880 357 1944 16
380 1879 414 1943 in
434 1879 565 1962 fastigio
587 1878 674 1946 Iovis
699 1878 823 1964 optumi
845 1879 989 1946 maxumi
1012 1899 1030 1945 e
1053 1879 1145 1947 caelo
1159 1879 1259 1945 ictum
1282 1899 1365 1964 esse,

244 2001 327 2066 quae
350 1982 448 2046 verba
469 1982 529 2048 hoo
552 1989 586 2045 ut
609 1979 738 2049 videtur
761 1981 823 2048 sibi
852 1981 975 2050 volunt:
1010 1980 1216 2050 Summanum
1243 2003 1264 2049 a
1287 1984 1364 2050 Iove

242 2084 284 2149 de
306 2083 394 2166 regio
418 2083 499 2149 solio
519 2103 592 2150 esse
620 2084 790 2170 depulsum
806 2084 895 2170 (vide
910 2087 1043 2171 August.
1066 2085 1086 2152 l.
1108 2085 1160 2172 a).
1192 2086 1262 2165 Quo
1277 2085 1364 2154 facto

241 2186 375 2251 Romani
399 2207 472 2251 cum
504 2187 652 2254 omnibus
684 2188 859 2254 honoribus
883 2209 957 2255 cum
988 2208 1097 2256 carere
1128 2188 1264 2271 nollent,
1294 2189 1364 2255 Iovi

240 2288 370 2372 fulgura
392 2287 471 2372 diei,
504 2289 680 2356 Summano
704 2291 809 2357 noetis
832 2291 1031 2376 tribuebant,
1061 2292 1146 2357 uuile
1169 2292 1365 2378 etymologia

240 2411 323 2456 nunc
346 2410 473 2475 quoque
496 2392 629 2476 volgata
653 2393 809 2476 originem
833 2393 936 2476 duxit,
957 2393 1167 2460 Summanum
1190 2394 1365 2461 cohaerere

240 2511 312 2558 cum
345 2493 461 2559 subet
492 2513 589 2560 mane
613 2493 667 2579 (oi.
690 2495 827 2561 Mueller
848 2495 889 2562 de
912 2495 1057 2562 Etruscis
1083 2496 1122 2562 II.
1146 2497 1187 2562 60
1213 2495 1286 2562 adn.
1309 2495 1365 2582 80)

239 2766 394 2822 Praeterea
421 2766 593 2834 compositio
612 2767 660 2822 illa
678 2781 761 2837 quam
776 2769 808 2842 in
827 2767 930 2822 Bacch.
949 2783 976 2823 v.
995 2781 1018 2824 s.
1038 2767 1125 2823 allato
1138 2767 1314 2838 repperimus
1332 2769 1362 2824 in

243 2851 296 2906 hac
315 2867 346 2906 re
364 2868 421 2907 non
441 2852 556 2907 videtur
574 2853 680 2908 nullius
699 2853 832 2908 momenti
852 2866 924 2908 esso.

310 2939 329 3007 ¹)
348 2937 431 3002 Quod
450 2953 512 2992 cum
532 2938 710 3006 scripsissem
732 2939 793 2993 vidi
812 2939 865 2992 iam
890 2937 933 2993 W·
955 2937 1055 2993 Soltan
1077 2938 1151 2994 idem
1179 2938 1364 2995 contendisse

239 3023 268 3076 in
296 3022 533 3090 interpretatione
564 3023 743 3078 Curculionis
770 3022 863 3076 Plauti
888 3029 940 3077 act.
965 3023 1008 3076 ΙΙΙ
1032 3048 1065 3068 =
1091 3023 1364 3080 wissenschaftlichc

239 3107 356 3176 Beilage
375 3124 437 3162 uum
456 3108 542 3176 Prog.
562 3109 589 3162 d.
608 3109 708 3178 Gymn.
728 3124 763 3162 zu
780 3108 890 3162 Zaberu
914 3115 979 3162 1882
999 3127 1027 3178 p.
1046 3115 1095 3174 233
1124 3115 1289 3178 argumento
1306 3125 1363 3164 non

239 3193 342 3248 attulit.
362 3223 395 3232 -
418 3191 447 3247 A
467 3193 623 3261 ‚,summus“
650 3193 795 3248 derivatur
814 3193 905 3247 etiam'
923 3195 1111 3259 ‚summates‘
1129 3194 1215 3253 Mero.
1239 3201 1297 3263 694,
1315 3194 1363 3252 Ps.

240 3285 297 3346 aar,
316 3278 402 3333 such.
421 3285 480 3346 con,
497 3278 566 3346 oisc.
588 3287 609 3333 1.
625 3286 701 3334 aab

307 3366 329 3433 ²)
348 3363 431 3429 Quod
449 3364 486 3418 ad
504 3363 626 3418 nominis
645 3360 788 3420 fictionem
801 3365 904 3419 attinet
916 3378 1082 3432 comparare
1100 3365 1168 3419 licet
1186 3365 1361 3420 Graecorum

239 3445 315 3517 ,Zoiv’
333 3451 378 3505 vel
396 3447 480 3522 ,Ζήν’,
499 3465 572 3519 quae
589 3450 680 3506 forma
697 3456 811 3520 praeter
829 3448 916 3518 ,Ζεύς’
935 3451 962 3502 in
981 3465 1034 3505 usu
1053 3457 1122 3504 erat.

257 3571 260 3578 ,
285 3539 328 3602 ·³)
347 3536 444 3591 Simile
472 3536 563 3591 estid
590 3536 668 3605 quod
696 3536 731 3591 de
759 3537 867 3605 oppido
897 3536 1021 3604 quodam
1048 3535 1186 3590 Phocidis
1207 3533 1362 3588 Pausanias

241 3629 280 3676 10.
299 3628 340 3675 37.
359 3629 374 3675 3
393 3622 477 3676 nobie
495 3621 593 3676 tradit:
617 3621 696 3678 θεῶν
715 3618 745 3678 δὲ·
765 3615 864 3678 ὅντινα
889 3617 918 3677 oi
941 3617 1058 3678 Βούλιοι
1086 3619 1202 3693 σέβουσι
1224 3616 1362 3688 μάλιστα,

238 3706 377 3779 μέγιστον
393 3705 447 3777 μὲν
473 3699 666 3778 ὀνομάζουσι,
695 3704 763 3773 Διὸς
781 3705 809 3764 δι’
830 3703 906 3764 κατὰ
930 3702 1076 3778 ἡμετέραν
1097 3703 1186 3772 δόξαν
1209 3703 1288 3762 ἐστὶν
1306 3701 1362 3762 ἐπί·

239 3797 347 3863 κλησις.

307 3879 328 3945 ⁴)
346 3877 389 3934 cf.
408 3879 422 3932 1
440 3879 596 3947 (db-mum,
624 3877 773 3932 Herculem
793 3879 953 3941 San-anum,
972 3877 1070 3931 Iovem
1089 3876 1249 3942 Are-anum,
1267 3876 1363 3931 Form-

239 3979 329 4027 anum,
348 3963 557 4019 Secund-anum
576 3963 669 4034 (Mart.
690 3964 756 4032 Gap.
775 3964 796 4017 l.
815 3966 869 4030 47),
888 3964 1058 4028 Stat-anum,
1080 3961 1263 4028 Volo-annm,
1283 3961 1363 4030 (Dat-

240 4064 330 4113 anum,
350 4050 385 4102 de
405 4065 461 4118 quo
480 4050 549 4104 vide
568 4049 671 4106 Grimm
692 4049 710 4102 l.
729 4050 745 4102 i.
764 4065 791 4117 p.
812 4049 897 4113 1205).

306 4137 326 4204 ⁶)
345 4134 387 4190 cf.
407 4135 490 4189 etiam
510 4135 539 4189 id
559 4137 636 4204 quod
655 4135 690 4189 de
710 4135 817 4189 lunone
840 4136 944 4187 Luclna
964 4133 1074 4186 dicetur
1091 4153 1119 4204 p.
1138 4142 1180 4189 26.
