3224 4734
728 381 914 441 ,9-

262 549 324 614 nisi
348 547 438 635 apud
461 548 645 634 Apuleium,
676 549 731 631 qui
754 568 852 632 saepe
875 549 935 614 hos
957 553 1084 614 veteres
1117 556 1232 632 poetas
1256 553 1385 613 seeutus

153 653 156 660 '
262 658 312 718 est
336 660 367 718 et
390 651 529 717 Nonium
552 649 796 734 grammaticum
819 673 847 736 p.
877 651 939 717 455
963 670 1090 724 versum
1118 649 1225 715 Pla'ut'i
1253 651 1385 716 afferen-

261 760 335 821 tem.
358 755 483 819 Plinius
512 759 618 819 autem
656 753 687 818 iu
719 760 784 818 nat.
807 753 880 820 bist.
904 755 923 824 1.
946 755 985 820 X.
1010 757 1049 819 93
1082 754 1145 819 alio
1177 754 1276 820 verbo
1308 773 1385 817 usus

263 864 325 923 est:
349 877 531 941 „sorvorum
548 876 701 942 pessuma
717 856 908 939 siguifioalio
925 875 996 921 eum
1012 856 1151 940 glutiunt
1172 876 1284 922 voeem
1298 857 1386 922 velut

255 960 480 1043 ·slrangulati“
508 997 543 1006 -
577 961 682 1043 Atque
716 980 799 1042 quae
830 960 931 1026 verba
961 960 1086 1034 duobus
1116 959 1196 1024 loeis
1226 960 1387 1042 leguntur:

262 1064 342 1147 „Avi
365 1063 510 1146 sinistra,
533 1062 678 1145 auspieio
702 1061 843 1144 liquido“
877 1061 981 1146 (Epid.
1005 1062 1074 1127 183.
1097 1061 1212 1127 Pseud.
1235 1061 1311 1146 762)
1334 1061 1386 1146 (ol.

265 1166 336 1232 Cas.
358 1168 387 1231 3.
411 1169 439 1246 4,
463 1165 525 1250 36.)
549 1184 678 1248 semper
700 1164 774 1228 boui
791 1164 917 1248 augurii
934 1172 1017 1248 suut,
1040 1185 1115 1228 nam
1132 1163 1261 1228 sinistra
1277 1164 1386 1230 dieunt

264 1270 398 1334 Romani
429 1269 523 1349 bona,
555 1267 682 1332 etiamsi
705 1268 822 1332 dextra
854 1272 939 1350 suut,
972 1266 1046 1331 vide
1070 1267 1133 1333 Cio.
1156 1267 1197 1332 de
1220 1266 1283 1332 div.
1305 1267 1323 1332 l.
1346 1265 1387 1332 Π.

264 1374 313 1437 39.
337 1374 386 1436 82.

348 1465 462 1557 Neque
485 1495 562 1540 vero
587 1473 698 1539 volatu
721 1480 754 1538 et
772 1478 868 1539 eantu
891 1479 1012 1538 tantum
1035 1472 1146 1537 diviua
1162 1475 1313 1538 voluntas
1335 1493 1386 1538 eo·

262 1577 371 1660 gnosoi
395 1597 492 1662 posse
508 1575 711 1659 or·odebarur;
733 1595 835 1658 quare
857 1575 999 1642 Libanus
1014 1577 1045 1640 in
1062 1575 1161 1659 Asin,
1184 1595 1255 1640 oum
1278 1575 1385 1661 pieum

263 1681 383 1744 ulmum
419 1679 606 1744 tundentem
640 1677 770 1762 viderit,
802 1678 864 1744 bae
894 1698 930 1743 re
954 1680 1071 1744 malum
1104 1698 1197 1744 omen
1229 1676 1388 1743 declarari

185 1805 189 1810 ·
263 1790 365 1866 putat,
389 1782 474 1865 quod
498 1781 575 1845 ulmi
591 1782 691 1846 ramis
713 1781 825 1864 virgae
842 1785 1018 1864 neotuutur,
1041 1781 1157 1864 quibus
1177 1801 1217 1844 ue
1234 1781 1389 1846 eaedatur

265 1885 368 1967 timet3
401 1883 440 1948 el.
463 1883 551 1948 Asin.
575 1905 605 1948 v.
630 1885 689 1948 341
714 1888 747 1950 et
770 1887 840 1948 363.
878 1885 968 1948 Hane
991 1882 1248 1950 observationem
1271 1882 1389 1947 Libani

265 1992 362 2071 poeta
382 1986 450 2051 sine
473 1986 569 2051 dubio
593 1986 655 2052 ioei
684 2005 783 2052 eausa
809 1986 956 2070 adnotat;
979 1985 1038 2051 sed
1061 1991 1220 2068 quatenus
1242 1986 1388 2050 Romana

266 2090 450 2175 superstitio
483 2078 657 2173 progressa
688 2089 784 2155 fuerit
814 2089 960 2155 videmus
988 2088 1021 2152 iu
1043 2089 1159 2155 Pseud.
1187 2110 1215 2154 v.
1245 2089 1304 2153 106
1329 2106 1388 2170 sq:

263 2193 382 2276 „Atqui
404 2193 438 2257 id
460 2193 601 2258 futurum
624 2191 708 2258 uude
732 2193 816 2258 unde
839 2191 946 2257 dinam
969 2191 1087 2275 neseio,
1109 2191 1181 2256 Nisi
1208 2191 1288 2274 quia
1303 2190 1387 2255 futu·

265 2302 377 2359 rumst:
409 2294 456 2360 ita
488 2294 696 2379 supercilium
728 2294 830 2360 salit.“
875 2294 1001 2360 Similia
1035 2294 1185 2379 exempla
1214 2292 1390 2360 Loreuuius

265 2398 395 2480 eollegit
418 2398 461 2462 ad
483 2398 550 2465 Mil.
573 2417 601 2462 u.
625 2400 696 2463 386.
729 2398 797 2461 Has
820 2396 986 2482 opiniones
1003 2397 1119 2479 quibus
1135 2396 1167 2463 di
1191 2397 1390 2462 voluntatem

266 2521 358 2564 suam
380 2499 521 2566 minimis
553 2500 649 2566 rebus
681 2500 852 2566 ostendere
886 2500 1101 2565 credebantur
1129 2499 1289 2565 tollendas
1313 2498 1391 2564 dioit

267 2604 379 2669 Oioero
402 2603 435 2668 in
458 2603 541 2668 libro
563 2603 605 2669 de
627 2604 689 2668 div.
715 2603 757 2668 ΙΙ.
774 2604 825 2668 40,
849 2603 998 2684 Sigeum
1015 2602 1100 2666 enim
1115 2602 1268 2666 nonnulla
1284 2601 1391 2666 omina

265 2705 394 2770 fortuito
427 2706 536 2770 oblata
567 2705 647 2770 nihil
670 2706 780 2771 valere
812 2705 958 2770 doeuerit
987 2704 1105 2790 pergit:
1137 2724 1239 2788 „quae
1263 2704 1291 2768 si
1325 2719 1391 2768 sus·
1497 2705 1500 2710 ’

264 2809 432 2893 ulpianus,
454 2809 549 2892 pedis
570 2809 704 2874 offensio
719 2809 812 2873 nobis
836 2813 867 2873 et
882 2808 1030 2892 abruptio
1046 2806 1203 2890 oorrigiae
1220 2812 1252 2872 et
1268 2814 1391 2872 sternu-

265 2912 745 2991 mentae1·untobservauda;“
776 2911 814 2977 of.
838 2910 879 2975 ΙΙ.
902 2913 951 2994 27,
975 2912 1015 2976 59
1044 2916 1075 2976 et
1098 2909 1217 2974 Tibulli
1245 2929 1342 2982 earm.
1366 2909 1391 2974 Ι.

266 3016 294 3078 3.
319 3015 368 3078 90.

351 3116 479 3180 Bellum
512 3123 619 3180 autem
653 3134 765 3198 gerere
797 3115 858 3178 nisi
891 3114 1059 3200 auspicato
1083 3113 1171 3198 (vide
1196 3115 1261 3180 010.
1285 3117 1302 3178 l.
1325 3115 1344 3180 1.
1367 3113 1391 3178 I·

270 3223 298 3283 2.
322 3221 354 3302 33
387 3220 438 3284 43.
464 3216 526 3302 95.)
572 3219 733 3282 Romanos
756 3217 897 3282 uoluisse
926 3217 1112 3303 comprobat
1139 3217 1253 3302 Amph.
1277 3237 1305 3280 v.
1329 3217 1391 3280 690

267 3330 298 3386 et
321 3321 407 3388 Pers.
434 3343 463 3387 v.
502 3324 562 3386 606
593 3321 647 3386 ubi
671 3321 805 3386 Toxilus
829 3339 955 3386 servus:
986 3320 1039 3404 „ln
1071 3321 1227 3404 proelium
1251 3318 1326 3384 vide
1357 3325 1391 3382 ut

264 3425 448 3507 ingrediare
464 3424 659 3510 auspioato.“
675 3461 714 3470 —
725 3423 761 3488 In
779 3423 874 3488 Truo.
892 3442 968 3488 vero
984 3443 1012 3485 r.
1029 3425 1091 3488 337
1112 3423 1152 3489 (10
1169 3420 1391 3487 meretricibus

265 3527 344 3592 dioit
367 3532 477 3610 poeta:
500 3526 620 3611 „Quasi
643 3525 773 3590 volturii
807 3525 913 3590 triduo
937 3525 1031 3590 Prius
1054 3525 1281 3610 praedivinant
1313 3522 1391 3604 quid

266 3631 426 3695 eomesuri
449 3629 561 3712 sient,“
596 3648 732 3710 quonum
767 3647 863 3692 versu
895 3627 1107 3694 conferendus
1139 3632 1188 3692 est
1211 3625 1336 3690 Plinius
1358 3626 1392 3690 in

265 3737 327 3797 nat.
351 3731 425 3796 bist.
449 3733 467 3796 l.
490 3732 531 3795 X.
554 3731 585 3795 6:
617 3730 820 3815 „Umbrioius
843 3729 1049 3815 haruspioum
1072 3735 1181 3795 nostro
1205 3748 1286 3793 aevo
1309 3728 1391 3814 peri-

268 3836 414 3900 tissimus
439 3834 553 3918 tradit,
584 3831 690 3898 triduo
715 3840 770 3897 aut
798 3832 894 3899 biduo
916 3829 1058 3898 voltures
1081 3832 1190 3897 volare
1217 3832 1390 3897 11010000-

266 3956 345 4002 vera
360 3938 468 4002 futura
485 3935 583 4020 sunt,“
599 3936 653 4019 qui
669 3935 853 4000 Umbrieius
874 3934 981 4019 siquid
996 3954 1037 4000 ex
1052 3934 1180 4000 nomine
1200 3934 1391 4000 oonoludere

268 4041 343 4106 lieet
366 4039 407 4104 ab
432 4038 561 4104 Umbris
585 4039 738 4122 originem
756 4039 866 4120 traxit,
889 4057 1082 4121 quamquam
1105 4037 1239 4103 Mueller
1261 4037 1293 4100 in
1315 4035 1390 4100 libri

266 4141 306 4208 de
329 4141 475 4207 Etruseis
506 4141 618 4225 seripti
641 4140 703 4208 vol.
725 4137 763 4214 Π.
788 4161 819 4224 p.
843 4142 882 4204 13
913 4140 986 4206 adu.
1014 4141 1054 4204 49
1086 4140 1170 4205 hune
1201 4140 1388 4223 seriptorem
