<?xml version="1.0" encoding="UTF-8"?>
<!DOCTYPE html PUBLIC "-//W3C//DTD XHTML 1.0 Transitional//EN"
    "http://www.w3.org/TR/xhtml1/DTD/xhtml1-transitional.dtd">
<html xmlns="http://www.w3.org/1999/xhtml" xml:lang="en" lang="en">
 <head>
  <title>
</title>
<meta http-equiv="Content-Type" content="text/html;charset=utf-8" />
  <meta name='ocr-system' content='tesseract 3.04.00' />
  <meta name='ocr-capabilities' content='ocr_page ocr_carea ocr_par ocr_line ocrx_word'/>
</head>
<body>
  <div class='ocr_page' id='page_1' title='image "./quaestionesplau00kesegoog_0069.png"; bbox 0 0 3224 4734; ppageno 0'>
   <div class='ocr_carea' id='block_1_1' title="bbox 689 341 901 406">
    <p class='ocr_par' dir='ltr' id='par_1_1' title="bbox 689 341 901 406">
     <span class='ocr_line' id='line_1_1' title="bbox 689 341 901 406; baseline -0.005 -17"><span class='ocrx_word' id='word_1_1' title='bbox 689 341 901 406; x_wconf 68' lang='grc'><strong>..60-</strong></span> 
     </span>
    </p>
   </div>
   <div class='ocr_carea' id='block_1_2' title="bbox 227 506 1365 2450">
    <p class='ocr_par' dir='ltr' id='par_1_2' title="bbox 227 506 1365 2450">
     <span class='ocr_line' id='line_1_2' title="bbox 236 506 1357 598; baseline 0.005 -26"><span class='ocrx_word' id='word_1_2' title='bbox 236 506 392 572; x_wconf 81' lang='lat' dir='ltr'>Romunis</span> <span class='ocrx_word' id='word_1_3' title='bbox 414 506 473 574; x_wconf 85' lang='lat' dir='ltr'>illa</span> <span class='ocrx_word' id='word_1_4' title='bbox 494 513 602 576; x_wconf 85' lang='lat' dir='ltr'>aetate</span> <span class='ocrx_word' id='word_1_5' title='bbox 624 529 688 577; x_wconf 91' lang='lat' dir='ltr'>non</span> <span class='ocrx_word' id='word_1_6' title='bbox 709 509 852 596; x_wconf 83' lang='lat' dir='ltr'>ignotum</span> <span class='ocrx_word' id='word_1_7' title='bbox 873 510 975 579; x_wconf 82' lang='lat' dir='ltr'>inisse</span> <span class='ocrx_word' id='word_1_8' title='bbox 997 511 1133 578; x_wconf 80' lang='lat' dir='ltr'>efficitur·</span> <span class='ocrx_word' id='word_1_9' title='bbox 1154 511 1357 598; x_wconf 79' lang='lat' dir='ltr'>lepidissima</span> 
     </span>
     <span class='ocr_line' id='line_1_3' title="bbox 234 607 1357 700; baseline 0.005 -26"><span class='ocrx_word' id='word_1_10' title='bbox 234 607 295 676; x_wconf 91' lang='lat' dir='ltr'>illa</span> <span class='ocrx_word' id='word_1_11' title='bbox 318 610 409 678; x_wconf 82' lang='lat' dir='ltr'>Oura.</span> <span class='ocrx_word' id='word_1_12' title='bbox 431 629 552 678; x_wconf 82' lang='lat' dir='ltr'>scaena</span> <span class='ocrx_word' id='word_1_13' title='bbox 574 617 615 693; x_wconf 79' lang='lat' dir='ltr'>(v,</span> <span class='ocrx_word' id='word_1_14' title='bbox 638 614 700 680; x_wconf 83' lang='grc'>368</span> <span class='ocrx_word' id='word_1_15' title='bbox 723 615 783 698; x_wconf 81' lang='lat' dir='ltr'><strong>sq.)</strong></span> <span class='ocrx_word' id='word_1_16' title='bbox 811 613 865 681; x_wconf 92' lang='lat' dir='ltr'>ubi</span> <span class='ocrx_word' id='word_1_17' title='bbox 889 613 1052 682; x_wconf 78' lang='lat' dir='ltr'>Curculio:</span> <span class='ocrx_word' id='word_1_18' title='bbox 1086 615 1204 696; x_wconf 80' lang='lat' dir='ltr'>„Talon</span> <span class='ocrx_word' id='word_1_19' title='bbox 1227 613 1357 700; x_wconf 85' lang='lat' dir='ltr'>arripio,</span> 
     </span>
     <span class='ocr_line' id='line_1_4' title="bbox 236 713 1356 802; baseline 0.004 -24"><span class='ocrx_word' id='word_1_20' title='bbox 236 713 351 779; x_wconf 84' lang='lat' dir='ltr'>invoco</span> <span class='ocrx_word' id='word_1_21' title='bbox 374 713 492 781; x_wconf 84' lang='lat' dir='ltr'>almam</span> <span class='ocrx_word' id='word_1_22' title='bbox 515 734 621 782; x_wconf 89' lang='lat' dir='ltr'>meam</span> <span class='ocrx_word' id='word_1_23' title='bbox 643 716 834 784; x_wconf 84' lang='lat' dir='ltr'>nutriculam</span> <span class='ocrx_word' id='word_1_24' title='bbox 858 718 1043 802; x_wconf 72' lang='lat' dir='ltr'><strong>Herculem,</strong></span> <span class='ocrx_word' id='word_1_25' title='bbox 1064 717 1154 784; x_wconf 85' lang='lat' dir='ltr'>Iacto</span> <span class='ocrx_word' id='word_1_26' title='bbox 1177 716 1356 798; x_wconf 78' lang='lat' dir='ltr'>basilicum,</span> 
     </span>
     <span class='ocr_line' id='line_1_5' title="bbox 234 815 1357 906; baseline 0.004 -25"><span class='ocrx_word' id='word_1_27' title='bbox 234 815 370 903; x_wconf 89' lang='lat' dir='ltr'>propino</span> <span class='ocrx_word' id='word_1_28' title='bbox 402 837 553 902; x_wconf 82' lang='lat' dir='ltr'>magnum</span> <span class='ocrx_word' id='word_1_29' title='bbox 584 819 726 906; x_wconf 90' lang='lat' dir='ltr'>poclum:</span> <span class='ocrx_word' id='word_1_30' title='bbox 765 819 821 888; x_wconf 91' lang='lat' dir='ltr'>ille</span> <span class='ocrx_word' id='word_1_31' title='bbox 852 819 983 888; x_wconf 87' lang='lat' dir='ltr'>ebibit.</span> <span class='ocrx_word' id='word_1_32' title='bbox 1005 870 1012 888; x_wconf 87' lang='lat'><strong>.</strong></span> <span class='ocrx_word' id='word_1_33' title='bbox 1036 821 1063 885; x_wconf 88' lang='lat'>.“</span> <span class='ocrx_word' id='word_1_34' title='bbox 1086 840 1149 905; x_wconf 91' lang='lat' dir='ltr'>qua</span> <span class='ocrx_word' id='word_1_35' title='bbox 1181 820 1222 888; x_wconf 87' lang='lat' dir='ltr'>de</span> <span class='ocrx_word' id='word_1_36' title='bbox 1251 841 1287 887; x_wconf 89' lang='lat' dir='ltr'>re</span> <span class='ocrx_word' id='word_1_37' title='bbox 1317 819 1357 886; x_wconf 85' lang='lat' dir='ltr'>of.</span> 
     </span>
     <span class='ocr_line' id='line_1_6' title="bbox 235 919 1357 1009; baseline 0.003 -23"><span class='ocrx_word' id='word_1_38' title='bbox 235 921 332 987; x_wconf 80' lang='lat' dir='ltr'>Maon.</span> <span class='ocrx_word' id='word_1_39' title='bbox 354 919 421 988; x_wconf 85' lang='lat' dir='ltr'>Sat.</span> <span class='ocrx_word' id='word_1_40' title='bbox 443 920 513 990; x_wconf 82' lang='lat' dir='ltr'><strong>libr.</strong></span> <span class='ocrx_word' id='word_1_41' title='bbox 537 923 565 989; x_wconf 87' lang='lat'>5.</span> <span class='ocrx_word' id='word_1_42' title='bbox 588 924 628 988; x_wconf 76' lang='lat'>21</span> <span class='ocrx_word' id='word_1_43' title='bbox 651 927 746 990; x_wconf 74' lang='lat' dir='ltr'>extu:</span> <span class='ocrx_word' id='word_1_44' title='bbox 773 923 962 1009; x_wconf 81' lang='lat' dir='ltr'><strong>„Herculem</strong></span> <span class='ocrx_word' id='word_1_45' title='bbox 985 943 1063 990; x_wconf 86' lang='lat' dir='ltr'>vero</span> <span class='ocrx_word' id='word_1_46' title='bbox 1085 924 1211 993; x_wconf 82' lang='lat' dir='ltr'>fictores</span> <span class='ocrx_word' id='word_1_47' title='bbox 1230 929 1357 990; x_wconf 83' lang='lat' dir='ltr'>veteres</span> 
     </span>
     <span class='ocr_line' id='line_1_7' title="bbox 235 1021 1358 1111; baseline 0.003 -22"><span class='ocrx_word' id='word_1_48' title='bbox 235 1042 299 1090; x_wconf 88' lang='lat' dir='ltr'>non</span> <span class='ocrx_word' id='word_1_49' title='bbox 321 1021 391 1091; x_wconf 83' lang='lat' dir='ltr'>sino</span> <span class='ocrx_word' id='word_1_50' title='bbox 414 1043 515 1091; x_wconf 84' lang='lat' dir='ltr'>cauea</span> <span class='ocrx_word' id='word_1_51' title='bbox 538 1043 608 1093; x_wconf 90' lang='lat' dir='ltr'>cum</span> <span class='ocrx_word' id='word_1_52' title='bbox 632 1025 748 1110; x_wconf 92' lang='lat' dir='ltr'>poculo</span> <span class='ocrx_word' id='word_1_53' title='bbox 770 1026 918 1093; x_wconf 85' lang='lat' dir='ltr'>fecerunt</span> <span class='ocrx_word' id='word_1_54' title='bbox 939 1032 971 1094; x_wconf 90' lang='lat' dir='ltr'>et</span> <span class='ocrx_word' id='word_1_55' title='bbox 992 1047 1056 1094; x_wconf 92' lang='lat' dir='ltr'>non</span> <span class='ocrx_word' id='word_1_56' title='bbox 1071 1044 1236 1111; x_wconf 90' lang='lat' dir='ltr'>nunquam</span> <span class='ocrx_word' id='word_1_57' title='bbox 1251 1044 1358 1093; x_wconf 82' lang='lat' dir='ltr'>caasa·</span> 
     </span>
     <span class='ocr_line' id='line_1_8' title="bbox 236 1125 1358 1213; baseline 0.004 -22"><span class='ocrx_word' id='word_1_58' title='bbox 236 1125 378 1193; x_wconf 84' lang='lat' dir='ltr'>bandum</span> <span class='ocrx_word' id='word_1_59' title='bbox 401 1132 434 1194; x_wconf 87' lang='lat' dir='ltr'>et</span> <span class='ocrx_word' id='word_1_60' title='bbox 456 1127 593 1195; x_wconf 85' lang='lat' dir='ltr'>ebrium:</span> <span class='ocrx_word' id='word_1_61' title='bbox 624 1149 688 1195; x_wconf 91' lang='lat' dir='ltr'>non</span> <span class='ocrx_word' id='word_1_62' title='bbox 718 1128 823 1195; x_wconf 82' lang='lat' dir='ltr'>solum</span> <span class='ocrx_word' id='word_1_63' title='bbox 845 1129 932 1213; x_wconf 92' lang='lat' dir='ltr'>quod</span> <span class='ocrx_word' id='word_1_64' title='bbox 954 1129 982 1195; x_wconf 82' lang='lat' dir='ltr'>is</span> <span class='ocrx_word' id='word_1_65' title='bbox 1013 1129 1110 1196; x_wconf 84' lang='lat' dir='ltr'>heros</span> <span class='ocrx_word' id='word_1_66' title='bbox 1133 1129 1231 1196; x_wconf 84' lang='lat' dir='ltr'><strong>bibax</strong></span> <span class='ocrx_word' id='word_1_67' title='bbox 1257 1129 1358 1196; x_wconf 84' lang='lat' dir='ltr'>suieee</span> 
     </span>
     <span class='ocr_line' id='line_1_9' title="bbox 235 1229 1357 1318; baseline 0.002 -22"><span class='ocrx_word' id='word_1_68' title='bbox 235 1229 432 1317; x_wconf 76' lang='lat' dir='ltr'>perhibetur,</span> <span class='ocrx_word' id='word_1_69' title='bbox 453 1282 461 1297; x_wconf 92' lang='lat'><strong>.</strong></span> <span class='ocrx_word' id='word_1_70' title='bbox 484 1280 491 1296; x_wconf 96' lang='lat'><strong>.</strong></span> <span class='ocrx_word' id='word_1_71' title='bbox 513 1229 684 1300; x_wconf 85' lang='lat' dir='ltr'>sedetiam</span> <span class='ocrx_word' id='word_1_72' title='bbox 702 1231 1164 1318; x_wconf 65' lang='lat' dir='ltr'>quodantiquahietoriajeet,</span> <span class='ocrx_word' id='word_1_73' title='bbox 1186 1233 1357 1301; x_wconf 90' lang='lat' dir='ltr'>Herculem</span> 
     </span>
     <span class='ocr_line' id='line_1_10' title="bbox 236 1334 1359 1420; baseline 0.002 -19"><span class='ocrx_word' id='word_1_74' title='bbox 236 1334 352 1419; x_wconf 90' lang='lat' dir='ltr'>poculo</span> <span class='ocrx_word' id='word_1_75' title='bbox 374 1339 540 1419; x_wconf 83' lang='lat' dir='ltr'>tamquam</span> <span class='ocrx_word' id='word_1_76' title='bbox 562 1334 694 1420; x_wconf 85' lang='lat' dir='ltr'>navigio</span> <span class='ocrx_word' id='word_1_77' title='bbox 716 1335 822 1402; x_wconf 84' lang='lat' dir='ltr'>ventis</span> <span class='ocrx_word' id='word_1_78' title='bbox 852 1335 1011 1402; x_wconf 83' lang='lat' dir='ltr'>immensa</span> <span class='ocrx_word' id='word_1_79' title='bbox 1041 1336 1145 1404; x_wconf 88' lang='lat' dir='ltr'>maria</span> <span class='ocrx_word' id='word_1_80' title='bbox 1175 1336 1359 1403; x_wconf 81' lang='lat' dir='ltr'>transisse.“</span> 
     </span>
     <span class='ocr_line' id='line_1_11' title="bbox 237 1434 1356 1524; baseline 0.001 -21"><span class='ocrx_word' id='word_1_81' title='bbox 237 1435 328 1515; x_wconf 85' lang='lat' dir='ltr'>Quae</span> <span class='ocrx_word' id='word_1_82' title='bbox 358 1456 411 1504; x_wconf 84' lang='lat' dir='ltr'>res</span> <span class='ocrx_word' id='word_1_83' title='bbox 435 1437 558 1506; x_wconf 84' lang='lat' dir='ltr'>Romae</span> <span class='ocrx_word' id='word_1_84' title='bbox 579 1442 676 1506; x_wconf 87' lang='lat' dir='ltr'>antea</span> <span class='ocrx_word' id='word_1_85' title='bbox 707 1443 742 1503; x_wconf 91' lang='lat' dir='ltr'>ut</span> <span class='ocrx_word' id='word_1_86' title='bbox 763 1437 893 1506; x_wconf 86' lang='lat' dir='ltr'>videtur</span> <span class='ocrx_word' id='word_1_87' title='bbox 923 1434 1034 1524; x_wconf 84' lang='lat' dir='ltr'>ignota</span> <span class='ocrx_word' id='word_1_88' title='bbox 1059 1458 1132 1504; x_wconf 89' lang='lat' dir='ltr'>oum</span> <span class='ocrx_word' id='word_1_89' title='bbox 1162 1438 1356 1524; x_wconf 76' lang='lat' dir='ltr'>tragicorum</span> 
     </span>
     <span class='ocr_line' id='line_1_12' title="bbox 237 1540 1357 1610; baseline 0.001 -3"><span class='ocrx_word' id='word_1_90' title='bbox 237 1547 305 1607; x_wconf 87' lang='lat' dir='ltr'>turn</span> <span class='ocrx_word' id='word_1_91' title='bbox 341 1540 534 1608; x_wconf 71' lang='lat' dir='ltr'>comicorum</span> <span class='ocrx_word' id='word_1_92' title='bbox 574 1541 694 1608; x_wconf 79' lang='lat' dir='ltr'>fabulis</span> <span class='ocrx_word' id='word_1_93' title='bbox 725 1541 876 1608; x_wconf 89' lang='lat' dir='ltr'>innotuit:</span> <span class='ocrx_word' id='word_1_94' title='bbox 908 1541 947 1608; x_wconf 87' lang='lat' dir='ltr'>cf.</span> <span class='ocrx_word' id='word_1_95' title='bbox 979 1541 1099 1608; x_wconf 84' lang='lat' dir='ltr'>Aloeet.</span> <span class='ocrx_word' id='word_1_96' title='bbox 1129 1543 1203 1609; x_wconf 79' lang='lat' dir='ltr'>Eur.</span> <span class='ocrx_word' id='word_1_97' title='bbox 1234 1562 1264 1610; x_wconf 85' lang='lat' dir='ltr'>v.</span> <span class='ocrx_word' id='word_1_98' title='bbox 1296 1545 1357 1608; x_wconf 88' lang='grc'>788</span> 
     </span>
     <span class='ocr_line' id='line_1_13' title="bbox 227 1643 1359 1732; baseline 0.001 -22"><span class='ocrx_word' id='word_1_99' title='bbox 227 1644 394 1732; x_wconf 58' lang='lat' dir='ltr'>(Mueller,</span> <span class='ocrx_word' id='word_1_100' title='bbox 417 1643 534 1712; x_wconf 79' lang='lat' dir='ltr'>Geeoh.</span> <span class='ocrx_word' id='word_1_101' title='bbox 556 1645 615 1712; x_wconf 88' lang='lat' dir='ltr'>der</span> <span class='ocrx_word' id='word_1_102' title='bbox 636 1665 682 1730; x_wconf 81' lang='lat' dir='ltr'>gr.</span> <span class='ocrx_word' id='word_1_103' title='bbox 705 1645 779 1712; x_wconf 87' lang='lat' dir='ltr'>Litt.</span> <span class='ocrx_word' id='word_1_104' title='bbox 802 1645 844 1712; x_wconf 90' lang='grc' dir='ltr'>ΙΙ.</span> <span class='ocrx_word' id='word_1_105' title='bbox 867 1666 897 1731; x_wconf 88' lang='lat' dir='ltr'>p.</span> <span class='ocrx_word' id='word_1_106' title='bbox 920 1647 1010 1730; x_wconf 81' lang='lat'>146);</span> <span class='ocrx_word' id='word_1_107' title='bbox 1034 1645 1141 1712; x_wconf 87' lang='lat' dir='ltr'>Schol.</span> <span class='ocrx_word' id='word_1_108' title='bbox 1163 1645 1258 1712; x_wconf 78' lang='lat' dir='ltr'>Arist.</span> <span class='ocrx_word' id='word_1_109' title='bbox 1279 1646 1359 1711; x_wconf 88' lang='lat' dir='ltr'>Rau.</span> 
     </span>
     <span class='ocr_line' id='line_1_14' title="bbox 238 1747 1360 1834; baseline 0.001 -21"><span class='ocrx_word' id='word_1_110' title='bbox 238 1749 287 1814; x_wconf 82' lang='lat'>63.</span> <span class='ocrx_word' id='word_1_111' title='bbox 311 1747 387 1832; x_wconf 83' lang='grc'><strong>107,</strong></span> <span class='ocrx_word' id='word_1_112' title='bbox 414 1747 477 1814; x_wconf 76' lang='lat' dir='ltr'>Ar.</span> <span class='ocrx_word' id='word_1_113' title='bbox 500 1747 561 1813; x_wconf 81' lang='lat'>567</span> <span class='ocrx_word' id='word_1_114' title='bbox 586 1752 618 1814; x_wconf 91' lang='lat' dir='ltr'>et</span> <span class='ocrx_word' id='word_1_115' title='bbox 641 1748 782 1814; x_wconf 85' lang='lat' dir='ltr'>maxime</span> <span class='ocrx_word' id='word_1_116' title='bbox 805 1747 900 1814; x_wconf 80' lang='lat' dir='ltr'>Pacis</span> <span class='ocrx_word' id='word_1_117' title='bbox 927 1767 959 1816; x_wconf 84' lang='lat' dir='ltr'>n.</span> <span class='ocrx_word' id='word_1_118' title='bbox 987 1748 1049 1813; x_wconf 82' lang='grc'>741</span> <span class='ocrx_word' id='word_1_119' title='bbox 1073 1748 1224 1834; x_wconf 76' lang='lat' dir='ltr'>Vespr.</span> <span class='ocrx_word' id='word_1_120' title='bbox 1247 1749 1295 1815; x_wconf 84' lang='lat'>60.</span> <span class='ocrx_word' id='word_1_121' title='bbox 1318 1785 1360 1796; x_wconf 87' lang='grc'>--</span> 
     </span>
     <span class='ocr_line' id='line_1_15' title="bbox 237 1848 1360 1938; baseline 0 -23"><span class='ocrx_word' id='word_1_122' title='bbox 237 1851 287 1916; x_wconf 89' lang='lat' dir='ltr'>De</span> <span class='ocrx_word' id='word_1_123' title='bbox 310 1849 458 1917; x_wconf 82' lang='lat' dir='ltr'>Herculis</span> <span class='ocrx_word' id='word_1_124' title='bbox 480 1849 647 1938; x_wconf 82' lang='lat' dir='ltr'>prognatie</span> <span class='ocrx_word' id='word_1_125' title='bbox 673 1849 814 1935; x_wconf 88' lang='lat' dir='ltr'>loquitur</span> <span class='ocrx_word' id='word_1_126' title='bbox 840 1850 972 1918; x_wconf 81' lang='lat' dir='ltr'>Plautus</span> <span class='ocrx_word' id='word_1_127' title='bbox 999 1849 1032 1917; x_wconf 91' lang='lat' dir='ltr'>in</span> <span class='ocrx_word' id='word_1_128' title='bbox 1054 1848 1129 1918; x_wconf 77' lang='lat' dir='ltr'>Cas.</span> <span class='ocrx_word' id='word_1_129' title='bbox 1154 1872 1184 1917; x_wconf 87' lang='lat' dir='ltr'>v.</span> <span class='ocrx_word' id='word_1_130' title='bbox 1211 1853 1239 1916; x_wconf 79' lang='lat'>2.</span> <span class='ocrx_word' id='word_1_131' title='bbox 1268 1851 1360 1917; x_wconf 83' lang='grc'>645</span> 
     </span>
     <span class='ocr_line' id='line_1_16' title="bbox 238 1951 1361 2039; baseline -0.002 -21"><span class='ocrx_word' id='word_1_132' title='bbox 238 1971 293 2036; x_wconf 69' lang='lat' dir='ltr'><strong>sq..</strong></span> <span class='ocrx_word' id='word_1_133' title='bbox 317 1971 398 2038; x_wconf 83' lang='lat' dir='ltr'>quos</span> <span class='ocrx_word' id='word_1_134' title='bbox 419 1952 513 2018; x_wconf 88' lang='lat' dir='ltr'>Koch</span> <span class='ocrx_word' id='word_1_135' title='bbox 535 1952 569 2019; x_wconf 91' lang='lat' dir='ltr'>in</span> <span class='ocrx_word' id='word_1_136' title='bbox 584 1972 663 2020; x_wconf 85' lang='lat' dir='ltr'>mua</span> <span class='ocrx_word' id='word_1_137' title='bbox 679 1952 768 2020; x_wconf 88' lang='lat' dir='ltr'>rhen.</span> <span class='ocrx_word' id='word_1_138' title='bbox 790 1973 821 2020; x_wconf 85' lang='lat' dir='ltr'>v.</span> <span class='ocrx_word' id='word_1_139' title='bbox 835 1955 885 2020; x_wconf 76' lang='lat'>25.</span> <span class='ocrx_word' id='word_1_140' title='bbox 899 1974 931 2039; x_wconf 88' lang='lat' dir='ltr'>p.</span> <span class='ocrx_word' id='word_1_141' title='bbox 948 1953 1008 2019; x_wconf 86' lang='grc'>619</span> <span class='ocrx_word' id='word_1_142' title='bbox 1024 1951 1071 2018; x_wconf 90' lang='lat' dir='ltr'>ita</span> <span class='ocrx_word' id='word_1_143' title='bbox 1084 1951 1260 2039; x_wconf 84' lang='lat' dir='ltr'>procedere</span> <span class='ocrx_word' id='word_1_144' title='bbox 1281 1952 1361 2017; x_wconf 83' lang='lat' dir='ltr'>volt:</span> 
     </span>
     <span class='ocr_line' id='line_1_17' title="bbox 236 2053 1361 2139; baseline 0.002 -19"><span class='ocrx_word' id='word_1_145' title='bbox 236 2055 319 2138; x_wconf 85' lang='lat' dir='ltr'>„Ain</span> <span class='ocrx_word' id='word_1_146' title='bbox 341 2055 398 2121; x_wconf 80' lang='lat' dir='ltr'>tu?</span> <span class='ocrx_word' id='word_1_147' title='bbox 430 2053 515 2133; x_wconf 85' lang='lat' dir='ltr'>Quia</span> <span class='ocrx_word' id='word_1_148' title='bbox 546 2060 615 2123; x_wconf 88' lang='lat' dir='ltr'>tute</span> <span class='ocrx_word' id='word_1_149' title='bbox 637 2074 674 2122; x_wconf 84' lang='lat' dir='ltr'>es</span> <span class='ocrx_word' id='word_1_150' title='bbox 704 2054 872 2139; x_wconf 79' lang='lat' dir='ltr'>fugitivos,</span> <span class='ocrx_word' id='word_1_151' title='bbox 903 2074 1015 2121; x_wconf 79' lang='lat' dir='ltr'>omnes</span> <span class='ocrx_word' id='word_1_152' title='bbox 1046 2061 1079 2121; x_wconf 90' lang='lat' dir='ltr'>te</span> <span class='ocrx_word' id='word_1_153' title='bbox 1109 2054 1229 2121; x_wconf 88' lang='lat' dir='ltr'>imitari</span> <span class='ocrx_word' id='word_1_154' title='bbox 1260 2055 1361 2139; x_wconf 81' lang='lat' dir='ltr'>cupis.</span> 
     </span>
     <span class='ocr_line' id='line_1_18' title="bbox 237 2155 1362 2244; baseline -0.002 -20"><span class='ocrx_word' id='word_1_155' title='bbox 237 2157 369 2225; x_wconf 89' lang='lat' dir='ltr'>Utinam</span> <span class='ocrx_word' id='word_1_156' title='bbox 392 2164 449 2226; x_wconf 86' lang='lat' dir='ltr'>tua</span> <span class='ocrx_word' id='word_1_157' title='bbox 481 2156 613 2242; x_wconf 84' lang='lat' dir='ltr'>quidem</span> <span class='ocrx_word' id='word_1_158' title='bbox 644 2157 708 2223; x_wconf 81' lang='lat' dir='ltr'>ista</span> <span class='ocrx_word' id='word_1_159' title='bbox 730 2158 816 2238; x_wconf 80' lang='lat' dir='ltr'>sicut</span> <span class='ocrx_word' id='word_1_160' title='bbox 844 2176 963 2242; x_wconf 83' lang='lat' dir='ltr'>genere</span> <span class='ocrx_word' id='word_1_161' title='bbox 989 2156 1140 2225; x_wconf 87' lang='lat' dir='ltr'>Herculei</span> <span class='ocrx_word' id='word_1_162' title='bbox 1171 2155 1362 2244; x_wconf 86' lang='lat' dir='ltr'>praedicant</span> 
     </span>
     <span class='ocr_line' id='line_1_19' title="bbox 238 2257 1362 2346; baseline -0.001 -19"><span class='ocrx_word' id='word_1_163' title='bbox 238 2259 407 2339; x_wconf 75' lang='lat' dir='ltr'>Quondam</span> <span class='ocrx_word' id='word_1_164' title='bbox 438 2261 606 2346; x_wconf 82' lang='lat' dir='ltr'>prognatie</span> <span class='ocrx_word' id='word_1_165' title='bbox 637 2261 670 2327; x_wconf 92' lang='lat' dir='ltr'>in</span> <span class='ocrx_word' id='word_1_166' title='bbox 702 2259 864 2327; x_wconf 75' lang='lat' dir='ltr'>eorfiendo</span> <span class='ocrx_word' id='word_1_167' title='bbox 895 2280 966 2326; x_wconf 81' lang='lat' dir='ltr'>nors</span> <span class='ocrx_word' id='word_1_168' title='bbox 997 2258 1167 2326; x_wconf 86' lang='lat' dir='ltr'>deliouerit</span> <span class='ocrx_word' id='word_1_169' title='bbox 1193 2307 1202 2328; x_wconf 91' lang='lat'><strong>.</strong></span> <span class='ocrx_word' id='word_1_170' title='bbox 1229 2259 1255 2324; x_wconf 89' lang='lat'>.“</span> <span class='ocrx_word' id='word_1_171' title='bbox 1285 2257 1362 2326; x_wconf 84' lang='lat' dir='ltr'>Sine</span> 
     </span>
     <span class='ocr_line' id='line_1_20' title="bbox 237 2360 1365 2450; baseline -0.003 -20"><span class='ocrx_word' id='word_1_172' title='bbox 237 2364 336 2430; x_wconf 87' lang='lat' dir='ltr'>dubio</span> <span class='ocrx_word' id='word_1_173' title='bbox 360 2363 393 2429; x_wconf 91' lang='lat' dir='ltr'>hi</span> <span class='ocrx_word' id='word_1_174' title='bbox 416 2383 531 2430; x_wconf 82' lang='lat' dir='ltr'>verens</span> <span class='ocrx_word' id='word_1_175' title='bbox 553 2364 594 2431; x_wconf 90' lang='lat' dir='ltr'>do</span> <span class='ocrx_word' id='word_1_176' title='bbox 617 2363 742 2432; x_wconf 83' lang='lat' dir='ltr'>Graeco</span> <span class='ocrx_word' id='word_1_177' title='bbox 775 2370 874 2450; x_wconf 89' lang='lat' dir='ltr'>poeta</span> <span class='ocrx_word' id='word_1_178' title='bbox 902 2362 1021 2448; x_wconf 87' lang='lat' dir='ltr'>sumpti</span> <span class='ocrx_word' id='word_1_179' title='bbox 1044 2369 1132 2446; x_wconf 79' lang='lat' dir='ltr'>sunt3</span> <span class='ocrx_word' id='word_1_180' title='bbox 1163 2361 1202 2430; x_wconf 84' lang='lat' dir='ltr'>oi.</span> <span class='ocrx_word' id='word_1_181' title='bbox 1230 2360 1365 2429; x_wconf 83' lang='lat' dir='ltr'>Prelleri</span> 
     </span>
    </p>
   </div>
   <div class='ocr_carea' id='block_1_3' title="bbox 237 2463 1363 2740">
    <p class='ocr_par' dir='ltr' id='par_1_3' title="bbox 237 2463 1363 2740">
     <span class='ocr_line' id='line_1_21' title="bbox 237 2463 1363 2559; baseline 0 -29"><span class='ocrx_word' id='word_1_182' title='bbox 237 2465 337 2552; x_wconf 87' lang='lat' dir='ltr'>myth.</span> <span class='ocrx_word' id='word_1_183' title='bbox 359 2465 413 2534; x_wconf 86' lang='lat' dir='ltr'>Gr.</span> <span class='ocrx_word' id='word_1_184' title='bbox 435 2466 481 2559; x_wconf 55' lang='lat' dir='ltr'>ILx</span> <span class='ocrx_word' id='word_1_185' title='bbox 498 2487 528 2553; x_wconf 91' lang='lat' dir='ltr'>p.</span> <span class='ocrx_word' id='word_1_186' title='bbox 551 2469 621 2534; x_wconf 76' lang='lat'><strong>282.</strong></span> <span class='ocrx_word' id='word_1_187' title='bbox 644 2468 730 2533; x_wconf 87' lang='lat' dir='ltr'>Nam</span> <span class='ocrx_word' id='word_1_188' title='bbox 753 2467 923 2550; x_wconf 81' lang='lat' dir='ltr'>Temenos,</span> <span class='ocrx_word' id='word_1_189' title='bbox 944 2465 1001 2530; x_wconf 88' lang='lat' dir='ltr'>filii</span> <span class='ocrx_word' id='word_1_190' title='bbox 1024 2463 1229 2548; x_wconf 82' lang='lat' dir='ltr'>Aristodemi,</span> <span class='ocrx_word' id='word_1_191' title='bbox 1251 2463 1363 2530; x_wconf 79' lang='lat' dir='ltr'>cures-</span> 
     </span>
     <span class='ocr_line' id='line_1_22' title="bbox 239 2566 1362 2655; baseline 0 -21"><span class='ocrx_word' id='word_1_192' title='bbox 239 2569 386 2655; x_wconf 82' lang='lat' dir='ltr'>phontes‚</span> <span class='ocrx_word' id='word_1_193' title='bbox 418 2570 471 2653; x_wconf 90' lang='lat' dir='ltr'>qui</span> <span class='ocrx_word' id='word_1_194' title='bbox 495 2569 661 2653; x_wconf 80' lang='lat' dir='ltr'>„Herculis</span> <span class='ocrx_word' id='word_1_195' title='bbox 693 2569 860 2655; x_wconf 85' lang='lat' dir='ltr'>prognati“</span> <span class='ocrx_word' id='word_1_196' title='bbox 881 2567 1105 2652; x_wconf 82' lang='lat' dir='ltr'>Peloponneso</span> <span class='ocrx_word' id='word_1_197' title='bbox 1136 2566 1230 2653; x_wconf 90' lang='lat' dir='ltr'>potiti</span> <span class='ocrx_word' id='word_1_198' title='bbox 1262 2573 1362 2651; x_wconf 85' lang='lat' dir='ltr'>erant,</span> 
     </span>
     <span class='ocr_line' id='line_1_23' title="bbox 241 2670 1155 2740; baseline -0.001 -2"><span class='ocrx_word' id='word_1_199' title='bbox 241 2671 284 2738; x_wconf 89' lang='lat' dir='ltr'>de</span> <span class='ocrx_word' id='word_1_200' title='bbox 306 2677 394 2739; x_wconf 87' lang='lat' dir='ltr'>terra</span> <span class='ocrx_word' id='word_1_201' title='bbox 415 2672 500 2740; x_wconf 89' lang='lat' dir='ltr'>inter</span> <span class='ocrx_word' id='word_1_202' title='bbox 522 2691 558 2737; x_wconf 82' lang='lat' dir='ltr'>se</span> <span class='ocrx_word' id='word_1_203' title='bbox 580 2670 758 2738; x_wconf 82' lang='lat' dir='ltr'>dividendo</span> <span class='ocrx_word' id='word_1_204' title='bbox 780 2671 885 2737; x_wconf 85' lang='lat' dir='ltr'>sortiti</span> <span class='ocrx_word' id='word_1_205' title='bbox 907 2689 980 2738; x_wconf 81' lang='lat' dir='ltr'>esee</span> <span class='ocrx_word' id='word_1_206' title='bbox 1001 2671 1155 2737; x_wconf 83' lang='lat' dir='ltr'>feruntur.</span> 
     </span>
    </p>
   </div>
   <div class='ocr_carea' id='block_1_4' title="bbox 227 2772 1364 3786">
    <p class='ocr_par' dir='ltr' id='par_1_4' title="bbox 326 2772 1363 2859">
     <span class='ocr_line' id='line_1_24' title="bbox 326 2772 1363 2859; baseline -0.003 -19"><span class='ocrx_word' id='word_1_207' title='bbox 326 2773 458 2841; x_wconf 81' lang='lat' dir='ltr'>Terenti</span> <span class='ocrx_word' id='word_1_208' title='bbox 490 2795 572 2841; x_wconf 84' lang='lat' dir='ltr'>unus</span> <span class='ocrx_word' id='word_1_209' title='bbox 595 2775 742 2843; x_wconf 79' lang='lat' dir='ltr'>Eumachi</span> <span class='ocrx_word' id='word_1_210' title='bbox 767 2794 796 2841; x_wconf 86' lang='lat' dir='ltr'>v.</span> <span class='ocrx_word' id='word_1_211' title='bbox 808 2774 889 2840; x_wconf 78' lang='lat'>1027</span> <span class='ocrx_word' id='word_1_212' title='bbox 907 2772 969 2838; x_wconf 92' lang='lat' dir='ltr'>huc</span> <span class='ocrx_word' id='word_1_213' title='bbox 991 2778 1129 2859; x_wconf 82' lang='lat' dir='ltr'>spectat:</span> <span class='ocrx_word' id='word_1_214' title='bbox 1152 2772 1236 2854; x_wconf 78' lang='lat' dir='ltr'>„uui</span> <span class='ocrx_word' id='word_1_215' title='bbox 1258 2773 1363 2839; x_wconf 83' lang='lat' dir='ltr'>minus</span> 
     </span>
    </p>

    <p class='ocr_par' dir='ltr' id='par_1_5' title="bbox 227 2872 1364 3786">
     <span class='ocr_line' id='line_1_25' title="bbox 239 2872 1361 2962; baseline -0.004 -18"><span class='ocrx_word' id='word_1_216' title='bbox 239 2898 337 2962; x_wconf 84' lang='lat' dir='ltr'>quam</span> <span class='ocrx_word' id='word_1_217' title='bbox 359 2879 517 2945; x_wconf 81' lang='lat' dir='ltr'>Herculeo</span> <span class='ocrx_word' id='word_1_218' title='bbox 540 2877 674 2945; x_wconf 75' lang='lat' dir='ltr'>servivit</span> <span class='ocrx_word' id='word_1_219' title='bbox 696 2876 919 2962; x_wconf 79' lang='lat' dir='ltr'>Omphaluc?“</span> <span class='ocrx_word' id='word_1_220' title='bbox 950 2896 1014 2961; x_wconf 89' lang='lat' dir='ltr'>quo</span> <span class='ocrx_word' id='word_1_221' title='bbox 1046 2875 1238 2943; x_wconf 88' lang='lat' dir='ltr'>sententiam</span> <span class='ocrx_word' id='word_1_222' title='bbox 1272 2872 1361 2942; x_wconf 87' lang='lat' dir='ltr'>illam</span> 
     </span>
     <span class='ocr_line' id='line_1_26' title="bbox 240 2969 1363 3069; baseline -0.006 -20"><span class='ocrx_word' id='word_1_223' title='bbox 240 2981 413 3049; x_wconf 85' lang='lat' dir='ltr'>Graecam:</span> <span class='ocrx_word' id='word_1_224' title='bbox 435 2969 614 3069; x_wconf 58' lang='grc' dir='ltr'><em>»Ὀμφάλῃ</em></span> <span class='ocrx_word' id='word_1_225' title='bbox 633 2969 805 3067; x_wconf 78' lang='grc' dir='ltr'><strong><em>Ἡρακλῆς</em></strong></span> <span class='ocrx_word' id='word_1_226' title='bbox 827 2970 1006 3066; x_wconf 78' lang='grc' dir='ltr'><strong><em>λατρεύει“,</em></strong></span> <span class='ocrx_word' id='word_1_227' title='bbox 1039 2997 1123 3062; x_wconf 88' lang='lat' dir='ltr'>quae</span> <span class='ocrx_word' id='word_1_228' title='bbox 1145 2977 1179 3044; x_wconf 90' lang='lat' dir='ltr'>in</span> <span class='ocrx_word' id='word_1_229' title='bbox 1200 2976 1363 3063; x_wconf 86' lang='lat' dir='ltr'>proverbii</span> 
     </span>
     <span class='ocr_line' id='line_1_27' title="bbox 240 3080 1362 3168; baseline -0.004 -18"><span class='ocrx_word' id='word_1_230' title='bbox 240 3087 308 3150; x_wconf 86' lang='lat' dir='ltr'>iere</span> <span class='ocrx_word' id='word_1_231' title='bbox 324 3083 588 3151; x_wconf 80' lang='lat' dir='ltr'>consuetudinem</span> <span class='ocrx_word' id='word_1_232' title='bbox 611 3084 742 3152; x_wconf 77' lang='lat' dir='ltr'>ueninse</span> <span class='ocrx_word' id='word_1_233' title='bbox 765 3082 902 3168; x_wconf 87' lang='lat' dir='ltr'>videtur,</span> <span class='ocrx_word' id='word_1_234' title='bbox 924 3081 968 3149; x_wconf 91' lang='lat' dir='ltr'>ad</span> <span class='ocrx_word' id='word_1_235' title='bbox 989 3080 1122 3148; x_wconf 86' lang='lat' dir='ltr'>verbum</span> <span class='ocrx_word' id='word_1_236' title='bbox 1138 3081 1238 3148; x_wconf 88' lang='lat' dir='ltr'>latine</span> <span class='ocrx_word' id='word_1_237' title='bbox 1254 3080 1362 3164; x_wconf 87' lang='lat' dir='ltr'>vertit;</span> 
     </span>
     <span class='ocr_line' id='line_1_28' title="bbox 241 3184 1362 3272; baseline -0.004 -20"><span class='ocrx_word' id='word_1_238' title='bbox 241 3187 279 3256; x_wconf 87' lang='lat' dir='ltr'>cf.</span> <span class='ocrx_word' id='word_1_239' title='bbox 303 3186 517 3272; x_wconf 83' lang='lat' dir='ltr'>paroemiogr.</span> <span class='ocrx_word' id='word_1_240' title='bbox 540 3186 593 3252; x_wconf 88' lang='lat' dir='ltr'>Gr.</span> <span class='ocrx_word' id='word_1_241' title='bbox 616 3185 668 3252; x_wconf 88' lang='lat' dir='ltr'>ed.</span> <span class='ocrx_word' id='word_1_242' title='bbox 692 3185 846 3253; x_wconf 84' lang='lat' dir='ltr'>Gaiesord</span> <span class='ocrx_word' id='word_1_243' title='bbox 869 3184 971 3252; x_wconf 82' lang='lat' dir='ltr'>Onon.</span> <span class='ocrx_word' id='word_1_244' title='bbox 994 3185 1077 3251; x_wconf 88' lang='lat'><strong>1836</strong></span> <span class='ocrx_word' id='word_1_245' title='bbox 1100 3207 1130 3270; x_wconf 90' lang='lat' dir='ltr'>p.</span> <span class='ocrx_word' id='word_1_246' title='bbox 1153 3186 1193 3250; x_wconf 77' lang='lat'>32</span> <span class='ocrx_word' id='word_1_247' title='bbox 1208 3184 1264 3249; x_wconf 86' lang='lat' dir='ltr'>Nr.</span> <span class='ocrx_word' id='word_1_248' title='bbox 1288 3185 1362 3267; x_wconf 80' lang='lat'>3043</span> 
     </span>
     <span class='ocr_line' id='line_1_29' title="bbox 240 3288 802 3376; baseline -0.007 -20"><span class='ocrx_word' id='word_1_249' title='bbox 240 3313 270 3376; x_wconf 90' lang='lat' dir='ltr'>p.</span> <span class='ocrx_word' id='word_1_250' title='bbox 294 3291 335 3356; x_wconf 87' lang='grc'>64</span> <span class='ocrx_word' id='word_1_251' title='bbox 358 3289 415 3356; x_wconf 84' lang='lat' dir='ltr'>Nn.</span> <span class='ocrx_word' id='word_1_252' title='bbox 438 3289 513 3374; x_wconf 73' lang='lat'>5373</span> <span class='ocrx_word' id='word_1_253' title='bbox 536 3310 566 3374; x_wconf 93' lang='lat' dir='ltr'>p.</span> <span class='ocrx_word' id='word_1_254' title='bbox 588 3289 650 3354; x_wconf 77' lang='lat'>321</span> <span class='ocrx_word' id='word_1_255' title='bbox 673 3288 728 3354; x_wconf 84' lang='lat' dir='ltr'>Nr.</span> <span class='ocrx_word' id='word_1_256' title='bbox 751 3288 802 3354; x_wconf 83' lang='lat'>50.</span> 
     </span>
     <span class='ocr_line' id='line_1_30' title="bbox 227 3387 1364 3478; baseline -0.007 -16"><span class='ocrx_word' id='word_1_257' title='bbox 227 3448 232 3462; x_wconf 80' lang='grc'>.</span> <span class='ocrx_word' id='word_1_258' title='bbox 325 3393 396 3458; x_wconf 90' lang='lat' dir='ltr'>Hoc</span> <span class='ocrx_word' id='word_1_259' title='bbox 418 3413 481 3458; x_wconf 91' lang='lat' dir='ltr'>uno</span> <span class='ocrx_word' id='word_1_260' title='bbox 504 3391 655 3458; x_wconf 83' lang='lat' dir='ltr'>Herculio</span> <span class='ocrx_word' id='word_1_261' title='bbox 678 3391 826 3478; x_wconf 86' lang='lat' dir='ltr'>exemplo</span> <span class='ocrx_word' id='word_1_262' title='bbox 850 3390 1072 3457; x_wconf 87' lang='lat' dir='ltr'>demonstrare</span> <span class='ocrx_word' id='word_1_263' title='bbox 1099 3388 1248 3456; x_wconf 88' lang='lat' dir='ltr'>volebam</span> <span class='ocrx_word' id='word_1_264' title='bbox 1276 3387 1364 3454; x_wconf 89' lang='lat' dir='ltr'>haud</span> 
     </span>
     <span class='ocr_line' id='line_1_31' title="bbox 244 3491 1363 3580; baseline -0.006 -18"><span class='ocrx_word' id='word_1_265' title='bbox 244 3515 319 3566; x_wconf 81' lang='lat' dir='ltr'>esec</span> <span class='ocrx_word' id='word_1_266' title='bbox 343 3495 458 3562; x_wconf 88' lang='lat' dir='ltr'>inutile</span> <span class='ocrx_word' id='word_1_267' title='bbox 482 3513 645 3580; x_wconf 81' lang='lat' dir='ltr'>exponere</span> <span class='ocrx_word' id='word_1_268' title='bbox 669 3493 747 3578; x_wconf 91' lang='lat' dir='ltr'>quid</span> <span class='ocrx_word' id='word_1_269' title='bbox 760 3494 893 3561; x_wconf 82' lang='lat' dir='ltr'>Plautus</span> <span class='ocrx_word' id='word_1_270' title='bbox 916 3498 948 3561; x_wconf 94' lang='lat' dir='ltr'>et</span> <span class='ocrx_word' id='word_1_271' title='bbox 963 3492 1133 3559; x_wconf 82' lang='lat' dir='ltr'>Terentius</span> <span class='ocrx_word' id='word_1_272' title='bbox 1155 3492 1196 3558; x_wconf 86' lang='lat' dir='ltr'>de</span> <span class='ocrx_word' id='word_1_273' title='bbox 1212 3491 1363 3559; x_wconf 82' lang='lat' dir='ltr'>heroibus</span> 
     </span>
     <span class='ocr_line' id='line_1_32' title="bbox 243 3593 1364 3682; baseline -0.002 -22"><span class='ocrx_word' id='word_1_274' title='bbox 243 3597 430 3682; x_wconf 72' lang='lat' dir='ltr'>statuerint3</span> <span class='ocrx_word' id='word_1_275' title='bbox 444 3598 556 3665; x_wconf 89' lang='lat' dir='ltr'>horum</span> <span class='ocrx_word' id='word_1_276' title='bbox 574 3596 715 3664; x_wconf 88' lang='lat' dir='ltr'>omnium</span> <span class='ocrx_word' id='word_1_277' title='bbox 729 3596 860 3663; x_wconf 75' lang='lat' dir='ltr'>fabulae</span> <span class='ocrx_word' id='word_1_278' title='bbox 877 3595 938 3663; x_wconf 92' lang='lat' dir='ltr'>hoc</span> <span class='ocrx_word' id='word_1_279' title='bbox 953 3595 1047 3663; x_wconf 89' lang='lat' dir='ltr'>modo</span> <span class='ocrx_word' id='word_1_280' title='bbox 1063 3599 1260 3680; x_wconf 87' lang='lat' dir='ltr'>pertractare</span> <span class='ocrx_word' id='word_1_281' title='bbox 1271 3593 1364 3660; x_wconf 85' lang='lat' dir='ltr'>omisi</span> 
     </span>
     <span class='ocr_line' id='line_1_33' title="bbox 244 3699 1002 3786; baseline -0.007 -18"><span class='ocrx_word' id='word_1_282' title='bbox 244 3702 331 3786; x_wconf 86' lang='lat' dir='ltr'>quod</span> <span class='ocrx_word' id='word_1_283' title='bbox 354 3701 416 3767; x_wconf 93' lang='lat' dir='ltr'>hoc</span> <span class='ocrx_word' id='word_1_284' title='bbox 438 3701 532 3768; x_wconf 80' lang='lat' dir='ltr'>huius</span> <span class='ocrx_word' id='word_1_285' title='bbox 555 3701 627 3768; x_wconf 90' lang='lat' dir='ltr'>libri</span> <span class='ocrx_word' id='word_1_286' title='bbox 652 3699 793 3786; x_wconf 81' lang='lat' dir='ltr'>epatium</span> <span class='ocrx_word' id='word_1_287' title='bbox 816 3699 1002 3767; x_wconf 81' lang='lat' dir='ltr'>excedebat.</span> 
     </span>
    </p>
   </div>
   <div class='ocr_carea' id='block_1_5' title="bbox 702 3961 904 3970">
    <p class='ocr_par' dir='ltr' id='par_1_6' title="bbox 702 3961 904 3970">
     <span class='ocr_line' id='line_1_34' title="bbox 702 3961 904 3970; baseline -0.015 0"><span class='ocrx_word' id='word_1_288' title='bbox 702 3961 904 3970; x_wconf 74' lang='lat'><strong>—....-..—....-—-</strong></span> 
     </span>
    </p>
   </div>
   <div class='ocr_carea' id='block_1_6' title="bbox 0 0 1625 4734">
    <p class='ocr_par' dir='ltr' id='par_1_7' title="bbox 0 0 1625 4734">
     <span class='ocr_line' id='line_1_35' title="bbox 0 0 1625 4734; baseline 0 0"><span class='ocrx_word' id='word_1_289' title='bbox 0 0 1625 4734; x_wconf 95' lang='lat' dir='ltr'> </span> 
     </span>
    </p>
   </div>
  </div>
 </body>
</html>
