3224 4734
644 338 1042 444 .',-55-·

269 545 297 610 si
319 544 463 612 oonfidas
485 567 549 611 non
573 545 700 613 dubites
723 546 800 630 quin
823 567 935 613 omnes
958 567 1010 614 res
1033 552 1110 613 tuae
1130 546 1212 613 bene
1240 566 1392 614 cessurae

267 649 339 714 sint.
386 649 452 715 Sed
474 648 565 714 haud
587 649 672 714 male
695 655 792 734 poeta
814 649 922 734 priore
944 669 1106 716 versuum:
1134 651 1276 734 „Divom
1293 655 1391 735 atque

267 751 438 818 hominum
468 771 552 836 quae
583 752 758 838 speetatrix
789 757 886 837 atque
909 772 965 818 era
986 752 1102 818 eadem
1135 771 1170 819 ee
1202 739 1393 837 horninibus,

261 849 367 938 ,Spem
388 854 586 940 insperatam
611 875 706 940 quom
724 855 893 940 obtulisti1)
909 875 992 922 nuno
1008 855 1096 933 mihi,
1110 853 1170 922 tibi
1184 861 1292 940 grates
1308 861 1391 940 ago“

271 958 337 1022 vim
353 957 430 1042 Spei
453 957 535 1024 deae
555 957 689 1023 oirouitu
704 957 843 1042 plurium
858 958 1027 1024 verborum
1043 959 1183 1024 ostendit
1201 979 1242 1025 ne
1257 959 1392 1049 diaeret:
1473 1010 1476 1017 .

270 1063 385 1148 „Spes‚
408 1081 501 1146 spem
525 1061 721 1147 insperatam
744 1061 918 1127 obtulisti.“
963 1061 1090 1128 Eadem
1111 1067 1218 1128 autem
1246 1085 1331 1147 quae
1358 1064 1392 1130 in

268 1167 363 1230 Mero.
387 1184 427 1231 u.
450 1167 530 1248 842,
562 1164 645 1250 Spes
668 1162 730 1230 dea
754 1168 803 1229 est
833 1165 867 1230 in
894 1164 1010 1230 Pseud.
1041 1167 1305 1248 quaquamst
1329 1188 1391 1251 quo

178 1285 192 1322 .·
268 1268 338 1333 looo
363 1267 545 1334 Calidorus:
572 1266 651 1347 „Dio
673 1273 778 1333 utrum
801 1267 941 1354 Spemne
965 1287 1006 1333 an
1029 1268 1173 1335 Salutem
1195 1274 1228 1336 te
1245 1270 1392 1356 salutem,

200 1395 203 1400 ·
268 1370 473 1436 Pseudole‘t“
497 1371 536 1436 ef.
552 1371 667 1436 Baooh.
690 1391 719 1436 v.
736 1373 806 1437 898.
845 1369 953 1449 Quare
968 1376 1103 1436 naturae
1119 1371 1213 1438 huius
1237 1372 1319 1441 deae
1341 1392 1392 1438 oo-

269 1493 408 1557 gnomen
425 1474 563 1539 Sanotae
579 1473 699 1557 optime
722 1475 882 1557 convenit,
905 1474 991 1558 quod
1007 1475 1143 1557 legimus
1163 1475 1198 1542 in
1214 1475 1289 1541 Oist.
1311 1497 1340 1542 v.
1362 1477 1391 1541 4.

270 1579 304 1669 1„
321 1579 373 1643 18:
409 1577 511 1661 „Spes
533 1575 612 1641 mihi
635 1583 747 1642 saneta
775 1577 953 1643 subvenit.“
1001 1578 1042 1641 Et
1064 1581 1171 1644 tamen
1198 1583 1285 1645 oerto
1308 1579 1411 1644 seire-

269 1699 433 1764 nunquam
456 1699 597 1764 possum,
627 1700 702 1744 num
726 1680 753 1744 si
769 1680 834 1765 Spe
858 1680 980 1746 oonfido
1012 1700 1140 1765 semper
1164 1683 1247 1746 bona
1276 1701 1392 1774 usurus

269 1782 329 1846 sim
351 1782 490 1861 fortuna3
514 1803 614 1864 quare
637 1781 702 1847 ia'm
725 1783 814 1868 apud
835 1784 982 1849 Plautum
999 1783 1127 1850 -non
1142 1783 1254 1850 Oioero
1270 1786 1392 1872 primus

270 1884 330 1948 hoe
354 1883 431 1950 feeit
453 1890 488 1949 ut
511 1885 670 1950 Prellerus
685 1907 715 1970 p.
732 1887 793 1952 618
808 1885 936 1952 videtur
950 1891 1083 1971 putasse
1099 1924 1136 1934 -
1155 1887 1278 1954 Bonam
1293 1887 1392 1975 Spem

269 1987 447 2071 reperimus
479 1988 512 2052 in
534 1988 615 2078 Rud.
638 2008 668 2054 v.
700 1991 775 2054 230:
808 1990 920 2070 „Bona
947 1990 1038 2075 Spes,
1062 1991 1203 2072 obsecro,
1235 1993 1392 2056 subventa

261 2091 378 2156 mihist
424 2093 530 2175 Atque
562 2092 626 2156 iam
659 2111 756 2177 supra
788 2092 928 2159 vidimus
951 2094 1100 2159 Plautum
1123 2093 1270 2178 personis
1301 2093 1392 2159 faba·

268 2194 372 2259 larum
397 2215 526 2260 suarum
549 2193 638 2259 haud
669 2214 743 2261 raro
766 2195 897 2260 deorum
923 2199 1052 2261 nomina
1074 2195 1247 2262 attribuere
1279 2196 1390 2281 itaque

270 2315 326 2362 eas
350 2297 443 2380 quasi
467 2316 670 2380 oonseorare,
701 2297 792 2362 ouius
815 2297 861 2363 rei
884 2298 1042 2384 exemplis
1064 2299 1130 2363 iam
1152 2297 1262 2364 allatis
1285 2318 1390 2383 pausa

270 2401 438 2466 addamus.
490 2401 529 2465 In
561 2399 682 2466 Oistelt.
713 2420 742 2466 v.
773 2403 802 2464 4.
834 2403 861 2465 1.
891 2403 930 2466 18
962 2401 1041 2466 dioit
1071 2401 1302 2467 Phanostrata:
1334 2403 1392 2482 „In

269 2508 412 2588 tempore
436 2503 507 2588 ipso
523 2503 607 2588 Spes
633 2503 711 2568 mihi
727 2509 840 2569 saneta
855 2505 1030 2570 subvenit.“
1056 2504 1139 2590 Spes
1155 2510 1262 2571 autem
1278 2511 1391 2572 saneta

270 2611 319 2671 est
341 2607 413 2692 ipsa
428 2605 561 2672 Halisoa
584 2628 680 2690 quam
697 2608 912 2672 Phanostrata
926 2607 992 2672 iam
1007 2607 1172 2694 oonspioit.
1206 2607 1392 2692 Similisque

270 2713 319 2774 est
341 2707 421 2773 Rud.
445 2729 473 2774 v.
495 2711 557 2774 489
581 2710 757 2796 (Libertas)
780 2712 841 2776 501
866 2707 967 2796 (Mala
988 2711 1157 2796 Fortuna),
1189 2712 1286 2778 Poen.
1311 2714 1339 2798 1.
1363 2715 1391 2778 P.

229 2813 309 2876 '266
347 2809 492 2897 (Venus).
546 2812 616 2877 Huo
656 2813 796 2896 pertinet
832 2813 972 2878 studium
992 2833 1136 2897 ,quoque
1177 2815 1392 2881 Romanorum

269 2915 452 2980 nominibus
473 2915 646 2980 abstractis
663 2935 746 2998 quae
763 2915 912 2980 dieuntur
934 2917 1000 2981 vim
1015 2916 1158 2983 divinam
1174 2924 1209 2982 ut
1225 2918 1271 2983 ita
1285 2917 1393 2983 dioam

272 3016 430 3082 tribuendi
454 3017 544 3081 euius
575 3018 623 3082 rei
646 3019 798 3102 exempla
820 3019 948 3084 etiamsi
971 3019 1071 3084 multa
1102 3019 1165 3084 iooi
1194 3039 1292 3086 nausa
1319 3039 1394 3086 oon-

269 3117 343 3183 fiota
366 3123 439 3183 sunt
461 3125 570 3184 tamen
586 3119 647 3185 hoe
663 3121 790 3186 omnino
808 3120 960 3186 Romanis
976 3121 1169 3207 proprium2)
1185 3121 1287 3188 fuisse
1302 3121 1392 3189 vide·

270 3226 333 3285 tur:
355 3222 502 3286 talisest
525 3221 715 3308 Lubentia⁸)
737 3223 770 3289 in
792 3223 881 3289 Asin.
904 3244 933 3290 v.
956 3225 1027 3309 268,
1044 3224 1264 3291 Commoditas
1278 3225 1310 3290 in
1326 3225 1392 3292 Mil.

269 3345 474 3354 ——----—-—-··

343 3394 360 3460 ¹)
390 3391 441 3457 „Di
458 3391 633 3448 immortales
662 3410 743 3463 spem
760 3394 935 3463 insperatam
954 3393 1019 3450 date
1037 3393 1108 3448 mihi
1128 3411 1213 3464 quam
1232 3393 1390 3464 suspicor:“

269 3479 480 3534 Men.v.1081.

340 3567 362 3633 ²)
380 3565 458 3620 Idem
476 3565 522 3620 vel
540 3564 630 3620 simile
650 3563 719 3636 quid
737 3567 812 3636 apud
830 3566 952 3622 maiores
975 3569 1089 3622 nostros
1112 3566 1255 3624 invenitur
1278 3569 1313 3625 de
1332 3567 1397 3640 qui·

258 3650 448 3705 -busGuimm
467 3669 494 3720 p.
514 3657 576 3706 841:
605 3648 675 3720 „Ein
702 3651 766 3706 sehr
784 3652 881 3707 weitos
900 3651 971 3708 Peld
997 3651 1085 3706 dffnet
1103 3652 1164 3707 sioh
1192 3653 1247 3708 den
1264 3653 1391 3710 Personi·

270 3735 425 3794 fikationen
444 3737 607 3793 abstrakter
627 3737 841 3808 Gegenstiinde;
871 3739 1057 3795 entsohieden
1076 3741 1145 3795 aber
1163 3731 1251 3798 sehon
1274 3743 1325 3798 wir
1343 3745 1392 3800 aut

269 3823 328 3877 ihm
356 3823 402 3877 die
429 3824 596 3896 weiblichen
624 3824 679 3878 den
706 3825 887 3881 mdnnliehen
911 3825 1124 3881 vorherrsohen.
1147 3857 1180 3868 -
1201 3845 1229 3897 p.
1248 3835 1312 3887 849:
1337 3829 1392 3885 Un-

270 3911 418 3980 tugenden
436 3913 530 3966 treten
542 3912 599 3967 viel
612 3929 771 3982 sparsamer
789 3913 847 3968 und
861 3913 1025 3968 sohwdoher
1037 3913 1225 3982 personifizirt
1236 3917 1298 3983 auf;
1316 3916 1392 3972 idem

269 3997 396 4074 videmus
416 3997 493 4068 apud
511 3996 660 4053 Romanos.

340 4101 362 4170 ³)
381 4099 441 4154 Hoo
459 4117 562 4154 nomen
576 4102 696 4157 Veneris
717 4118 874 4173 cognomen
891 4100 978 4158 fuisse
998 4101 1082 4158 docet
1101 4103 1213 4159 Servius
1233 4103 1269 4160 ad
1287 4105 1356 4161 Aen.
1374 4105 1391 4158 l.

270 4187 290 4240 Ι.
310 4193 366 4242 720.
1003 4208 1004 4214 “
