3224 4734
713 399 922 463 ..39-

253 566 400 632 Graecos
430 573 540 633 notum
570 566 691 634 facturn
715 571 776 636 est.
821 569 881 634 Hic
912 568 955 634 ub
986 565 1197 637 omnibusne
1219 575 1287 637 tota
1308 571 1378 637 vita

251 669 336 735 ratio
369 668 519 752 exigitur:
551 671 686 755 „Aequo
709 670 877 738 mendicus
908 677 1007 755 atque
1034 671 1090 737 ille
1115 671 1377 758 opulentissimus

254 771 412 838 Censetur
434 791 532 839 censu
553 773 597 839 ud
614 773 832 841 Acheruntem
854 781 1013 841 mortuos“
1045 781 1081 840 ut
1108 775 1212 841 estin
1239 774 1326 842 Trin.
1347 795 1377 842 v.

251 875 315 940 493
338 894 385 959 sq.
408 883 441 941 et
462 875 550 960 apud
572 876 759 942 meretrices
775 881 830 958 „ut
848 875 1023 943 Acherunti
1043 876 1127 942 ratio
1148 878 1277 963 accepti
1300 879 1378 944 scri-

253 975 368 1041 bitur.“
412 976 623 1064 (11111749.)
647 976 738 1057 Quod
762 1000 836 1045 cum
859 981 906 1046 ita
928 998 964 1046 se
986 979 1108 1046 habeat
1128 977 1162 1045 in
1190 978 1258 1046 vita
1279 980 1376 1047 homo

252 1080 346 1146 enixe
379 1100 512 1166 operam
545 1082 625 1148 dure
657 1082 754 1148 debet
785 1087 820 1148 ut
857 1082 954 1148 nullis
977 1080 1164 1148 criminibus
1196 1083 1377 1150 commissis

249 1187 322 1268 post
344 1188 478 1250 mortem
502 1184 619 1268 dignus
642 1184 802 1251 iudicetur
818 1186 874 1270 qui
897 1185 1031 1252 deorum
1047 1185 1148 1252 vitam
1170 1185 1374 1269 adipiscatur

252 1286 383 1365 „Facito
415 1307 492 1370 ergo
515 1292 551 1351 ut
574 1287 751 1355 Acherunti
782 1287 892 1356 clueas
914 1288 1039 1371 gloria“
1069 1287 1150 1354 dicit
1175 1287 1211 1354 in
1233 1287 1324 1373 Capt.
1347 1309 1377 1354 v.

250 1387 311 1454 689
343 1389 461 1473 Hegio,
493 1388 537 1455 ad
567 1408 651 1472 quae
682 1390 784 1456 verba
817 1388 1006 1475 Tyndarus:
1038 1391 1113 1475 „qui
1144 1411 1203 1476 per
1225 1390 1376 1456 virtutem

248 1491 391 1576 perierit,
415 1513 478 1558 non
500 1493 636 1558 interit“
671 1493 756 1559 Nam
780 1497 883 1559 status
905 1498 1137 1578 postmortem
1161 1498 1210 1560 est
1224 1499 1377 1560 aeternus

248 1599 281 1660 et
304 1615 388 1678 „quo
422 1595 474 1661 die
498 1594 600 1662 Oreus
632 1595 674 1663 ab
706 1596 888 1662 Acherunte
921 1604 1065 1662 mortuos
1096 1596 1258 1662 1111111111α
1290 1596 1321 1662 h.
1348 1617 1375 1663 e.

247 1717 411 1783 nunquam
435 1698 515 1764 dicit
536 1697 772 1785 Adelphasium
794 1699 827 1766 in
843 1700 940 1780 Poen.
965 1702 1035 1764 1.2.
1052 1699 1112 1765 131
1130 1719 1187 1780 „se
1203 1719 1274 1766 oum
1289 1701 1376 1784 Ago-

248 1803 385 1867 rastocle
408 1805 558 1885 caputet
581 1821 697 1886 corpus
722 1802 945 1888 copulaturam
968 1805 1071 1870 esse.“
1106 1800 1243 1868 Omnino
1266 1794 1376 1868 cutem

249 1903 441 1970 Acheruntis
472 1925 588 1970 nomen
618 1904 646 1969 si
678 1904 845 1990 audimus,
876 1911 965 1972 metu
987 1911 1020 1972 et
1040 1910 1162 1973 terrore
1189 1904 1375 1995 implemur,

249 2005 516 2096 quemadmodum
548 2007 745 2074 Pistoclerus
778 2008 810 2076 in
842 2007 959 2073 Bacch.
990 2028 1022 2074 v.
1055 2007 1117 2074 198
1148 2013 1183 2072 11
1215 2026 1374 2073 summum

247 2109 389 2176 dolorem
411 2111 480 2194 pati
504 2129 539 2176 se
561 2111 659 2178 malle
680 2111 844 2197 exprimat
869 2131 967 2195 quum
993 2111 1202 2196 impetratum
1228 2130 1293 2178 uon
1320 2109 1379 2176 red

158 2197 160 2204 ⁴
246 2213 335 2279 dere:
362 2213 552 2298 „Regiones
567 2213 678 2298 inquit,
695 2212 802 2280 colere
817 2214 990 2282 mavellem
1005 2211 1270 2279 Acherunticus.“
1303 2212 1374 2278 Huc

244 2317 338 2382 Most.
369 2336 498 2400 quoqne
529 2333 642 2382 versus
674 2315 736 2382 508
766 2317 918 2402 pertinet:
954 2317 1107 2397 „Guttam
1138 2314 1227 2381 haud
1256 2314 1374 2382 habeo·

136 2495 148 2509 fl
246 2419 422 2503 sanguinis,
438 2418 555 2484 Vivom
571 2439 622 2484 me
638 2424 807 2485 accersunt
818 2419 1036 2485 Acheruntem
1046 2419 1183 2484 mortui“
1195 2417 1373 2502 etAmphi-

245 2523 370 2588 trnonis
393 2522 435 2587 ad
458 2521 620 2587 Bromium
644 2521 774 2608 (Amph.
799 2521 882 2587 1078
905 2521 966 2607 sq.)
988 2522 1102 2589 uerba:
1126 2521 1373 2606 1,1.11111111111,

244 2626 290 2691 ita
313 2645 364 2690 me
385 2623 548 2710 increpuit
563 2625 717 2711 luppiter.
749 2625 822 2691 Non
846 2645 940 2692 secus
964 2630 1013 2691 est
1035 2624 1129 2710 quasi
1151 2626 1178 2690 si
1203 2625 1245 2691 ab
1269 2623 1371 2690 Ache-

246 2735 339 2795 runte
362 2727 520 2794 venium.“
559 2727 643 2806 Quin
666 2729 763 2794 etiam
788 2736 874 2796 terra
897 2730 929 2794 in
952 2749 1017 2812 qua
1039 2728 1231 2794 Acheruntis
1254 2728 1370 2794 ostium

244 2851 316 2896 esse
339 2830 516 2915 putabatur
539 2830 686 2896 omnibus
709 2831 927 2898 animantibus
949 2831 1125 2898 insalubris
1152 2835 1184 2898 et
1209 2830 1370 2897 inhabita·

244 2933 320 2998 bilis
343 2938 422 3017 erat,
444 2933 477 2998 id
494 2933 581 3016 quod
597 2933 717 3018 optime
733 2932 926 3000 describitur
948 2934 981 3000 in
997 2933 1075 3000 Trin
1090 2954 1173 3000 vers.
1189 2934 1367 3000 urs-552.

244 3033 284 3102 cf.
306 3035 430 3102 Preller
453 3034 552 3122 myth.
575 3035 758 3101 (111672.
778 3037 946 3102 Acheruns
969 3036 1064 3102 modo
1087 3037 1243 3102 melorum
1266 3036 1366 3102 domi·

242 3137 351 3203 cilium
374 3139 470 3204 modo
494 3138 677 3224 bonorum¹)
701 3139 871 3224 significat;
902 3138 964 3206 hoc
990 3139 1025 3204 in
1052 3139 1142 3225 (lapi.
1170 3153 1266 3205 versu
1292 3155 1317 3204 s.
1340 3158 1366 3204 s.

241 3241 404 3325 videmus,
433 3240 513 3306 illud
535 3246 665 3326 praeter
688 3242 776 3307 Trin.
798 3262 827 3308 1.
850 3243 912 3308 551
946 3242 1044 3309 etiarn
1072 3242 1108 3308 in
1130 3241 1222 3327 (lapt.
1245 3262 1274 3307 v.
1299 3239 1363 3306 998

242 3343 339 3424 „Vidi
361 3363 421 3428 ego
443 3345 544 3410 multa
566 3363 667 3429 saepe
689 3345 779 3430 picto.
802 3364 886 3429 quae
910 3345 1085 3412 Acherunti
1110 3344 1222 3412 tierent
1240 3342 1366 3440 crucicu—

312 3567 332 3630 ¹)
352 3565 479 3619 Omnium
509 3571 681 3620 mortuorum
702 3566 874 3621 domicilium
902 3571 947 3622 est
965 3565 1118 3623 Acheruns
1141 3565 1171 3621 in
1189 3566 1276 3620 Pocn.
1294 3582 1321 3620 v.
1339 3575 1363 3626 4.

243 3658 266 3704 2.
286 3657 309 3705 9.
335 3679 361 3688 -
381 3649 470 3706 Sedes
490 3651 628 3706 bonorum
649 3657 755 3706 tuntum
775 3651 919 3726 hominum
938 3658 1004 3708 sunt
1028 3652 1137 3708 insulae
1155 3652 1363 3707 fortunatorum

242 3734 329 3804 (Trio.
351 3736 412 3805 549)
432 3735 590 3805 dequibus
610 3751 671 3791 cum
690 3737 811 3792 Romani
830 3737 870 3791 nil
889 3738 1068 3806 statuissent,
1092 3738 1128 3792 de
1148 3737 1363 3794 (111111111111

241 3821 269 3874 hi
289 3835 391 3875 versus
412 3823 529 3890 repetiti
549 3826 630 3876 sunt:
659 3822 703 3877 his
722 3823 794 3878 enim
814 3823 1031 3887 omnibusinde
1055 3822 1090 3878 ab
1109 3823 1229 3879 Hesiodi
1256 3828 1362 3893 tempo-

239 3905 319 3960 ribus
347 3910 383 3960 de
402 3905 455 3960 hac
475 3909 544 3962 sede
571 3907 709 3962 bonorum
737 3914 912 3964 mortuorum
931 3923 1097 3977 persuasum
1117 3915 1190 3978 erat3
1216 3907 1253 3963 cf.
1271 3905 1361 3964 Arist.

239 3993 311 4046 Ran.
329 4007 356 4046 v.
384 3997 416 4046 85
438 3997 466 4045 et
485 3992 591 4047 Tibulli
615 4008 698 4050 curm.
729 4002 751 4048 1.
771 4001 793 4049 3.
815 4001 957 4050 159-167,
994 3994 1141 4048 Postremo
1169 3993 1360 4049 conterendus

206 4131 209 4138 ,
240 4082 284 4132 111
303 4075 380 4130 Trin.
399 4093 425 4131 v.
445 4083 507 4134 291:
525 4078 616 4148 „Quin
634 4079 713 4146 prins
732 4093 776 4135 me
793 4079 830 4136 ad
848 4079 938 4150 pluris
957 4077 1142 4152 penetravi?“
1161 4080 1197 4134 dc
1216 4094 1273 4154 qno
1285 4079 1361 4136 Brix.

239 4163 268 4218 in
285 4161 351 4218 adn.
370 4163 503 4236 loquitur.
