3224 4734
714 357 916 423 ..59-

254 529 350 598 factis
381 529 469 596 luam
499 531 611 613 Teque
643 529 687 594 ad
717 533 844 614 patrem
874 546 948 594 esse
980 532 1138 593 mortuom
1172 525 1378 594 renuntiem.“

255 633 397 700 Primum
421 631 552 718 quidem
574 630 673 698 Linus
696 630 774 714 artis
798 630 941 697 musicae
968 630 1124 715 magister
1150 649 1224 696 cum
1246 627 1377 695 Herculi

255 733 414 822 discipulo
438 736 567 821 alapam
589 723 746 817 dedisset,
767 732 809 801 ab
824 731 887 800 hoc
900 733 986 799 irato
1000 733 1074 819 lyra
1088 731 1177 799 humi
1196 738 1377 817 prostratus

256 844 313 906 est.
352 838 456 918 Quam
472 857 539 906 rem
561 842 676 924 postea
698 836 858 917 iniooum
873 855 1002 902 versam
1018 853 1091 903 esse
1112 833 1191 902 dicit
1214 834 1376 919 Welckcr,

256 942 300 1008 kl.
323 941 412 1008 Schr.
435 939 458 1008 I.
481 963 511 1027 p.
534 943 585 1008 46.
629 939 824 1006 Phoenicem
851 946 960 1006 autem
988 938 1174 1024 Amyntoris
1200 937 1300 1004 lilium
1323 957 1377 1004 ex·

256 1044 359 1112 sulem
380 1045 469 1110 fama
492 1043 617 1111 ferebat
639 1043 682 1109 ad
705 1041 839 1109 Peleum
861 1040 962 1108 ivisse
985 1042 1027 1109 ab
1050 1060 1153 1126 eoque
1168 1039 1289 1106 Achilli
1310 1039 1375 1106 filio

256 1146 386 1215 Troiam
407 1146 625 1233 proficiscenti
647 1144 756 1211 datum
772 1164 871 1230 esse,
907 1164 969 1228 quo
1001 1145 1057 1212 ille
1084 1144 1117 1210 in
1147 1145 1244 1210 rebus
1270 1141 1377 1208 dubiis

254 1249 359 1316 amico
383 1256 415 1315 et
441 1247 626 1315 consiliario
640 1252 792 1315 uteretur.
822 1245 889 1313 Sed
905 1246 1031 1314 Achille
1046 1251 1170 1315 mortuo
1185 1246 1228 1312 ad
1243 1245 1377 1313 Peleum

255 1351 393 1418 rediisse
420 1372 494 1418 eum
514 1350 610 1436 eique
633 1350 690 1416 filii
710 1356 845 1417 mortem
865 1350 1039 1444 nuntiasse¹
1054 1349 1087 1415 id
1106 1349 1193 1434 quod
1215 1369 1257 1416 ex
1279 1348 1379 1416 versi·

256 1454 316 1520 bus
354 1453 464 1522 allatis
499 1453 690 1521 concludere
729 1453 884 1528 debemus
919 1453 1026 1521 nullus
1061 1457 1206 1520 veterum
1243 1451 1379 1538 scriptor

255 1555 363 1623 tradit.
401 1557 458 1622 Hx
480 1576 543 1640 quo
567 1557 722 1643 scriptore
745 1555 883 1622 Plautus
914 1555 975 1622 hoo
998 1555 1172 1640 sumpserit
1201 1555 1378 1640 nescimus;

255 1664 394 1728 tractata
415 1666 525 1726 autem
557 1666 628 1728 erat
649 1660 733 1726 haec
754 1658 870 1725 fabula
900 1659 942 1726 ab
964 1657 1119 1744 Euripide
1147 1657 1203 1745 (cl.
1224 1658 1380 1726 Welckcr

255 1763 297 1831 de
310 1761 433 1830 Graec.
455 1767 534 1847 trag.
557 1786 587 1850 p.
608 1762 780 1829 soa-809
803 1781 900 1847 quem
922 1762 976 1829 hic
997 1761 1084 1828 locus
1107 1763 1261 1847 fugerat),
1292 1762 1379 1828 Stra-

255 1870 344 1951 tone,
375 1865 513 1951 Hubulo,
544 1885 679 1950 quorum
709 1885 727 1932 e
759 1864 946 1950 fragmentis
976 1865 1009 1930 in
1041 1865 1147 1932 locum
1177 1863 1269 1930 illum
1299 1865 1379 1931 nihil

256 1967 449 2055 proficimus.
472 2007 511 2020 -
534 1969 585 2035 De
608 1967 757 2035 Herculis
780 1967 869 2035 cultu
891 1985 1043 2054 compara
1065 1969 1163 2035 Macr.
1186 1967 1245 2035 Sat
1266 1967 1321 2036 lH.
1345 1970 1377 2052 73

245 2076 371 2157 operto
395 2071 503 2158 capite
526 2077 562 2137 ut
584 2090 653 2137 mos
676 2070 875 2147 Graecorum
897 2077 981 2156 erat,
1012 2070 1042 2136 ei
1065 2069 1282 2138 sacrificatum
1304 2089 1379 2137 esse

256 2174 320 2240 iam
343 2193 442 2257 supra
463 2173 612 2242 vidimus.
656 2173 813 2242 Hercules
836 2178 944 2241 autem
968 2174 1054 2240 Caco
1082 2174 1276 2259 interempto
1304 2192 1377 2238 cum

254 2277 296 2344 ab
318 2277 470 2344 Euandro
492 2295 618 2345 summa
641 2276 768 2344 laetitia
790 2283 946 2361 exceptus
977 2281 1010 2342 et
1041 2280 1075 2342 ut
1106 2274 1188 2342 deus
1221 2276 1379 2342 salutatus

228 2378 349 2464 '‘esset,
370 2380 535 2446 Romanos
557 2378 684 2446 decima
706 2380 851 2466 praedae
874 2399 954 2446 suae
969 2377 1111 2445 donavit
1142 2379 1238 2446 Unde
1255 2378 1283 2445 si
1306 2379 1377 2463 quis

257 2502 409 2566 magnum
424 2482 548 2548 lucrum
563 2481 687 2550 fecerat
701 2483 756 2549 vel
770 2481 946 2567 imperator
960 2480 1085 2568 praeda
1100 2487 1233 2547 onustus
1248 2481 1379 2548 domum

254 2588 442 2669 reverterat,
463 2585 497 2650 in
519 2603 578 2650 ara
601 2584 744 2650 maxima
758 2584 890 2652 Herculi
909 2583 1068 2651 decimam
1089 2589 1215 2669 partem
1229 2583 1310 2650 lucri
1324 2584 1378 2652 vel
1502 2669 1504 2678 γ

254 2686 397 2774 praedae
419 2687 540 2754 donare
563 2688 717 2772 civesque
748 2687 792 2754 ad
824 2706 939 2754 cenam
962 2708 1059 2774 quam
1087 2688 1247 2755 vocabant
1278 2709 1378 2774 popu-

256 2792 354 2857 larem
377 2789 479 2879 (Trin.
501 2810 530 2856 v.
553 2793 628 2871 470)
652 2791 790 2858 invitare
807 2791 966 2858 solebant
993 2789 1179 2864 HrPlauto
1195 2791 1258 2856 huc
1282 2792 1380 2878 perti·
1441 2797 1445 2806 ’

254 2898 331 2959 nent
353 2893 386 2958 hi
407 2913 535 2960 versus:
557 2893 674 2961 Bacch.
702 2895 763 2962 665
787 2914 846 2979 sq.:
878 2893 934 2976 ,Si
958 2891 1088 2977 frugist,
1109 2893 1281 2962 Herculem
1302 2894 1380 2962 fecit

255 3015 295 3060 ex
321 2999 429 3081 patre:
450 2993 628 3063 Decumum
650 3002 775 3082 partem
798 2998 828 3063 ei
852 2995 956 3080 dedit,
987 2995 1050 3062 sibi
1071 3015 1188 3064 novem
1216 2997 1375 3064 abstulit.“

255 3098 388 3164 Ceteros
410 3098 498 3164 locos
518 3098 596 3165 vide
618 3098 705 3183 apud
721 3099 911 3167 Lorenzium
925 3099 978 3166 ad.
993 3100 1085 3167 Most.
1100 3119 1130 3167 v.
1153 3101 1224 3167 984.
1256 3099 1379 3180 Quodsi

254 3201 400 3286 Scaliger
430 3201 523 3268 Pauli
554 3201 855 3287 interpretationem
890 3223 921 3286 p.
954 3202 1008 3267 71:
1048 3202 1194 3284 ,decima
1230 3223 1378 3287 quaeque

255 3308 384 3370 veteres
407 3302 470 3368 diis
493 3303 560 3370 suis
575 3303 770 3371 offerebant“
788 3304 976 3389 vituperans
991 3306 1138 3372 adnotat:
1161 3306 1236 3386 ,nni
1255 3307 1378 3372 tantum

257 3405 388 3471 Herculi
409 3404 472 3472 hoo
493 3404 620 3491 fiebat,‘¹
651 3405 830 3472 inconsulto
853 3405 914 3473 hoe
945 3405 1037 3475 dicit:
1071 3429 1147 3475 nam
1168 3407 1281 3474 Liuius
1303 3408 1336 3474 in
1359 3409 1379 3476 l

259 3508 296 3575 V.
318 3509 368 3576 21.
399 3508 543 3592 Apollini
566 3528 694 3593 quoqne
716 3509 876 3576 decimam
897 3515 1007 3577 votam
1029 3530 1103 3578 esse
1126 3511 1229 3579 docet.
1263 3513 1379 3598 Neque

256 3630 334 3677 vero
357 3611 461 3678 solum
483 3611 679 3678 Graecorum
700 3604 896 3700 βουφάγον)
942 3649 979 3665 -
1004 3614 1037 3680 in
1063 3613 1166 3680 Stichi
1192 3635 1289 3682 versu
1316 3618 1378 3682 223

253 3713 447 3781 Herculeum
457 3714 628 3800 prandium
644 3716 810 3784 luculenta
819 3735 902 3785 cena
911 3721 971 3802 est,
986 3755 1027 3765 -
1043 3716 1216 3785 sedetiam
1232 3718 1379 3787 bibaeem

197 4011 201 4018 .
324 3970 343 4038 ¹)
365 3968 540 4025 Insatiabilis
559 3969 663 4026 edendi
682 3971 712 4026 et
729 3971 847 4026 vorandi
866 3971 1009 4042 cupiditas
1032 3971 1163 4028 Herculis
1186 3972 1323 4044 imprimis
1342 3976 1377 4030 ab

255 4051 428 4124 Epicharmo
452 4053 559 4122 optime
583 4054 728 4124 descripta
757 4059 831 4124 erat;
859 4056 892 4112 cf.
915 4055 1034 4112 Mueller
1057 4058 1158 4113 (iesch.
1182 4058 1233 4114 der
1251 4078 1291 4129 gr.
1311 4059 1378 4118 Litt.

253 4140 287 4194 ll.
306 4147 365 4206 246,
384 4139 500 4194 Richter
518 4140 562 4194 ad.
581 4139 666 4196 Arist.
685 4140 770 4211 Vesp.
794 4159 819 4198 v.
843 4149 889 4208 60,
908 4143 978 4198 Rau.
996 4161 1053 4199 vss.
1071 4152 1215 4210 aot-511,
1235 4153 1378 4202 550-576.
