3224 4734
700 409 914 472 ..11-

243 598 310 644 rem
334 578 498 662 pertinent
520 598 633 644 versus
649 577 696 642 hi:
718 579 885 644 Ps.1137:
923 579 1032 657 ,Beue
1048 599 1109 661 ego
1133 576 1252 644 abhoc
1276 595 1370 660 prae-

243 680 340 747 datus
362 681 429 747 ibo:
452 681 527 747 novi
543 682 626 755 bona
649 687 799 747 scaevast
813 679 926 765 mihi“;
948 719 990 729 -
1013 681 1111 748 Stich.
1133 701 1163 747 v.
1183 683 1261 748 459:
1285 681 1371 760 „Au-

245 785 348 870 spicio
372 784 481 851 hercle
501 783 597 851 hodie
613 803 673 868 ego
688 790 819 872 optumo
835 785 921 850 exivi
937 786 1033 852 toras.
1064 785 1143 852 Cum
1155 785 1180 870 ¹)
1203 791 1312 852 strena
1326 783 1370 848 mi

246 888 468 971 obscaevavit,
492 886 734 972 spectandumst
756 887 846 970 milri,
865 887 1016 953 Mostella
1038 907 1160 953 murem
1182 893 1217 953 ut
1238 886 1371 954 abstulit

229 977 375 1073 'praeta
388 989 528 1074 pedes“;
543 988 664 1056 ibidem
681 993 756 1056 673:
776 991 887 1070 „Bona
903 1009 1022 1056 scaeva
1038 995 1210 1074 strenaque
1226 990 1267 1056 ob
1282 990 1368 1055 viam

247 1092 383 1159 occessit
405 1091 519 1174 mihi“;
535 1131 575 1140 -
593 1093 667 1160 Cas.
691 1093 720 1160 5.
741 1095 770 1158 4.
794 1096 828 1159 9;
855 1093 934 1173 ,hac
957 1093 1025 1178 lupi
1048 1093 1109 1158 hae
1124 1112 1235 1160 canes:
1257 1091 1371 1177 lupina

245 1215 364 1262 scaeva
374 1194 451 1261 iusti
465 1216 535 1262 rem
550 1194 645 1279 gerit.
675 1195 791 1262 Hercle
807 1197 920 1280 opinor
935 1197 1098 1282 usurpabo
1115 1215 1175 1280 ego
1190 1195 1270 1261 illud
1286 1213 1370 1260 nune

230 1298 379 1378 xverbum
403 1302 509 1378 vetus3
540 1297 602 1364 bac
631 1297 697 1364 ibo:
730 1298 877 1364 caninam
906 1299 1056 1364 scaevam
1087 1319 1182 1383 spero
1204 1296 1370 1364 meliorem

245 1402 348 1485 fore;“
371 1439 412 1447 -
437 1399 525 1466 Asin.
548 1419 577 1464 v.
598 1401 673 1465 266:
697 1404 824 1480 „metuo
848 1401 933 1483 quod
955 1401 1020 1466 illis
1043 1399 1253 1468 obscaevavit
1275 1418 1370 1466 meae

247 1489 352 1569 'falsae
370 1503 564 1572 .fatlaoiae.“
598 1539 639 1550 -
670 1503 742 1569 Vox
776 1509 935 1582 „scaeva“
974 1504 1051 1587 quin
1086 1503 1173 1570 idem
1205 1502 1248 1569 sit
1285 1503 1371 1588 quod

247 1607 444 1674 Graecorum
478 1599 583 1671 σκαιοί
604 1625 698 1678 nemo
730 1607 868 1691 dubitat,
899 1612 934 1672 ut
964 1611 1072 1672 autem
1095 1604 1231 1673 Romani
1263 1605 1371 1672 dicere

248 1711 395 1777 solebant
418 1710 480 1790 ,ab
503 1710 658 1776 dextera“
686 1710 748 1789 ,ab
764 1707 913 1774 sinistra“
938 1727 1044 1792 neque
1063 1707 1223 1774 vocabula
1237 1713 1370 1792 ,parte“

246 1815 299 1879 vel
325 1817 460 1893 ,manu“
484 1795 680 1895 adiciebant,
704 1812 750 1877 sie
766 1810 855 1895 apud
877 1811 966 1897 ipsos
988 1811 1131 1879 Graecos
1147 1805 1268 1877 σκαιόν
1283 1811 1369 1878 idem

249 1915 449 2000 significasse
472 1936 568 1999 quam
586 1903 757 2000 ἀριστερὰν
770 1917 861 2000 χεῖρα
878 1913 1023 1999 Scaliger
1039 1935 1080 1981 ex
1095 1915 1198 1982 veteri
1213 1914 1370 1998 glossario

247 2019 290 2084 ad
318 2018 452 2084 Festum
481 2039 505 2084 ι.
527 2040 557 2085 v.
584 2035 704 2086 scaeva
735 2023 887 2098 testatum
916 2018 1004 2102 apud
1030 2020 1195 2084 Romanos
1226 2018 1372 2084 declarat

248 2139 378 2205 semper
410 2126 563 2204 qnantum
594 2121 690 2187 video
724 2141 829 2206 omen3
863 2121 950 2206 quod
980 2126 1088 2186 autom
1120 2119 1284 2187 sinistrum
1315 2125 1373 2204 est,

250 2224 367 2290 bonnm
405 2223 574 2307 augurium
606 2223 769 2307 portendit
795 2225 894 2312 *apud
924 2225 1101 2307 Romanos,
1135 2225 1253 2290 malum
1285 2223 1372 2308 apud
1480 2212 1487 2226 ⁸

249 2326 401 2393 Graecos.
429 2325 518 2404 ¹(luo
542 2325 661 2390 laetum
684 2332 748 2410 est,
779 2331 814 2392 ut
844 2333 939 2411 prout
968 2326 1028 2393 hoc
1051 2328 1149 2394 verbo
1181 2326 1298 2392 bouum
1320 2326 1375 2393 vel

140 2465 142 2468 -
248 2428 367 2492 malum
385 2428 553 2512 augurium
570 2428 750 2514 exprimere
766 2428 900 2511 vellent,
922 2430 1116 2495 vocabulum
1140 2430 1297 2508 ,bonnm“
1321 2429 1374 2494 vel

251 2531 411 2610 ,malum“
422 2531 448 2616 ²)
464 2530 594 2598 adicere
609 2551 665 2596 eos
681 2538 858 2615 oporteret,
873 2532 955 2597 inter
971 2533 1148 2597 Romanam
1166 2538 1198 2598 et
1213 2532 1372 2599 Graecam

250 2633 478 2716 cogitationem
508 2632 715 2700 haesitantes.
759 2633 849 2699 Idem
872 2634 994 2699 factum
1023 2654 1095 2699 esse
1121 2635 1153 2699 in
1176 2634 1274 2700 verbo
1299 2635 1373 2714 „ob-

251 2740 426 2802 soaevare“
456 2734 617 2819 videmus,
649 2757 732 2820 quae
759 2756 823 2803 vox
850 2737 882 2802 in
910 2737 997 2802 Asin.
1022 2754 1119 2804 versu
1147 2757 1170 2802 s.
1194 2758 1217 2802 s.
1246 2739 1374 2822 malum,

250 2839 282 2902 in
299 2837 400 2903 Stichi
424 2839 542 2903 bouum
558 2859 651 2904 omen
668 2839 835 2922 significat.
872 2838 1029 2905 Scaevam
1046 2839 1198 2923 igiturex
1214 2840 1373 2926 exemplis

251 2959 349 3025 supra
372 2941 500 3007 collatis
523 2946 662 3027 apparet
692 2961 805 3008 vocem
836 2963 921 3025 quae
952 2942 1067 3008 dieitur
1090 2943 1228 3008 mediam
1261 2944 1373 3027 fuisse3

250 3063 326 3108 nam
358 3043 391 3108 in
423 3042 497 3108 Cas.
520 3065 549 3108 v.
572 3045 601 3110 5.
622 3047 653 3107 4.
677 3047 705 3108 9.
738 3043 873 3128 „lupina
901 3063 1019 3110 scaeva
1052 3044 1130 3109 fusti
1160 3065 1227 3110 rem
1259 3046 1372 3128 gerit“‚

251 3163 372 3215 scaeva
395 3165 453 3230 per
475 3166 511 3212 se
527 3165 619 3212 omen
643 3152 675 3212 et
697 3147 814 3211 bonum
837 3153 870 3212 et
893 3147 1011 3212 malum
1031 3165 1103 3214 osse
1125 3153 1232 3235 potest
1255 3154 1288 3213 et
1309 3169 1372 3213 vox

255 3250 407 3333 „lupina“
435 3248 562 3314 demum
587 3249 699 3314 addita
726 3249 846 3314 malum
874 3250 1041 3333 augurium
1069 3249 1177 3318 efficit.
1222 3251 1373 3318 Pseudoli

250 3357 282 3418 et
299 3350 404 3417 Stichi
427 3351 507 3418 loeis
531 3357 629 3436 poeta
651 3351 755 3418 felicis
770 3351 887 3418 ominis
901 3351 1167 3435 significationem
1184 3353 1258 3420 huie
1272 3347 1373 3420 verbo

251 3452 428 3521 attribuere
443 3475 507 3519 non
522 3455 676 3534 audebat,
698 3454 760 3520 nisi
779 3455 903 3536 ,bona“
922 3453 1110 3522 addidisset.
1149 3456 1253 3538 ,Nam
1277 3457 1374 3542 scrip-

253 3563 340 3621 tores
362 3557 396 3620 in
412 3557 499 3622 mala
514 3577 548 3623 re
563 3577 683 3642 ponere
699 3562 934 3624 consueverunt
948 3563 983 3624 ut
997 3559 1085 3644 apud
1101 3559 1243 3626 Graecos
1258 3552 1375 3626 σκαιόν

329 3831 348 3896 Ι)
367 3831 424 3884 Cur
441 3829 598 3884 Lorennius
617 3835 646 3884 et
665 3830 817 3898 Ussingius
837 3832 933 3900 legere
952 3832 1113 3886 maluerint:
1133 3831 1230 3896 ,Boua
1250 3839 1372 3906 streua“,

252 3915 332 3985 quod
352 3920 453 3969 eontra
471 3915 609 3970 librorum
627 3911 711 3970 fidem
731 3921 789 3986 cst,
807 3932 863 3972 uon
884 3923 928 3970 est
945 3917 1020 3971 iusta
1039 3931 1133 3973 causa.

321 4003 342 4068 2)
355 3999 522 4068 Exemplum
534 4001 694 4056 Plautinum
708 4017 766 4056 uon
780 4006 887 4071 exstat,
901 4008 993 4056 tamen
1008 4002 1062 4058 hoc
1075 4018 1176 4059 revera
1190 4003 1295 4060 factum
1309 4020 1374 4060 esso

250 4085 490 4156 interpretatione
508 4086 588 4142 Festi
605 4083 728 4142 efficitur
746 4105 775 4158 p.
794 4095 856 4144 325:
879 4088 1017 4143 Scaevam
1037 4088 1144 4156 volgus
1164 4090 1278 4159 quidem
1297 4096 1327 4145 ot
1345 4090 1371 4143 in

251 4173 327 4228 bona
347 4177 376 4228 et
394 4171 422 4226 in
442 4171 564 4252 molare
583 4178 682 4238 vocat,
702 4188 765 4226 cum
784 4174 864 4227 aiunt
881 4171 983 4226 bonam
1006 4179 1033 4228 et
1051 4174 1151 4229 malam
1170 4189 1311 4229 scaevam.
