3224 4734
735 403 949 468 ..53-

280 574 434 640 astutiam
455 573 587 640 amabat
609 593 693 657 quae
716 565 768 640 ros
784 569 856 638 cum
872 573 1078 640 mercimonio
1095 572 1277 640 cohaerent.
1307 575 1406 640 Recte

280 677 429 761 igitnrde
444 695 481 743 se
496 678 566 761 ipse
581 677 660 743 dicii
672 677 706 742 in
716 677 830 762 Amph.
846 696 876 741 v.
887 679 962 744 470:
985 677 1131 758 „Erroris
1146 677 1241 744 ambo
1257 696 1316 762 ego
1332 677 1406 742 illos

282 781 505 848 etdemeniiae
516 780 691 864 complebo
709 785 806 864 atque
820 779 1064 866 Amphitruonis
1086 779 1407 847 omnemfamiliam.“

369 881 602 950 convertamus
619 883 662 948 ad
686 873 916 968 Aesculapium
938 881 1033 948 deum
1054 885 1145 948 ouius
1167 875 1287 948 cultum
1305 888 1407 950 totum

281 987 418 1054 Romani
446 1005 465 1052 e
494 986 633 1052 Graecia
663 987 893 1052 transtulerunt
925 986 1057 1071 quade
1086 1007 1119 1052 re
1142 986 1264 1053 Preller
1290 1009 1320 1074 p.
1344 989 1406 1054 134

282 1096 314 1158 ct
330 1092 390 1156 606
414 1090 592 1155 luculenter·
614 1089 773 1155 disseruit.
808 1087 877 1167 Quo
900 1089 1021 1156 facium
1043 1094 1093 1155 est
1115 1095 1150 1155 ut
1171 1089 1256 1155 huno
1279 1108 1406 1174 quoque

281 1193 376 1260 deum
405 1197 518 1278 aperto
550 1191 657 1278 capite
683 1195 925 1277 venerarentur'3
957 1193 1018 1257 hoo
1040 1192 1124 1258 enim
1153 1193 1286 1259 eCuro.
1309 1209 1406 1259 versu

282 1285 394 1362 ssao'si
424 1300 511 1360 recto
537 1294 633 1361 video
665 1294 812 1360 concludi
843 1293 948 1361 debeb.
993 1294 1140 1361 Curculio
1163 1295 1325 1360 Laconem
1348 1293 1406 1360 ad-

282 1399 464 1465 venientem
489 1418 560 1464 oum
582 1397 712 1464 viderit:
736 1397 843 1482 „Quis
864 1397 981 1482 inquit,
1013 1397 1065 1462 bio
1093 1405 1142 1464 est
1164 1402 1275 1484 operio
1298 1398 1405 1483 capite

282 1501 339 1586 qui
363 1501 594 1586 Aesculapium
610 1501 777 1567 Salulat“?
821 1499 915 1579 Quod
938 1501 965 1566 si
981 1501 1067 1567 Luco
1091 1506 1177 1569 recte
1198 1501 1321 1568 lacerat
1342 1521 1405 1568 non

250 1615 251 1618 ’
282 1611 354 1670 crat
376 1625 432 1670 cur
448 1604 595 1670 Curculio
620 1605 660 1669 de
684 1603 743 1669 hac
765 1623 801 1670 ue
824 1604 994 1688 quicquam
1017 1604 1152 1670 diceret:
1179 1603 1238 1670 sed
1260 1603 1301 1670 de
1324 1605 1406 1670 mira

282 1707 393 1774 illast
416 1707 500 1772 lalsa
524 1707 717 1771 salutatione
739 1710 848 1773 tacere
870 1727 933 1772 non
956 1711 1089 1793 poterat.
1122 1708 1203 1774 (lum
1217 1707 1405 1793 Aesculapii

273 1815 389 1876 autem
414 1809 501 1874 cultu
524 1808 687 1874 incubatio
710 1829 838 1893 quoque
860 1815 958 1876 antea
973 1811 1096 1875 Romae
1118 1811 1227 1894 ignota
1250 1809 1305 1896 (of.
1320 1811 1406 1875 Mar-

283 1911 399 1996 quardt
422 1913 441 1976 l.
469 1913 478 1976 i
503 1934 533 1998 p.
557 1911 611 1998 98)
642 1913 745 1977 ascita
773 1917 831 1976 est.
876 1911 945 1991 Quo
977 1912 1017 1978 de
1049 1912 1255 1978 divinationis
1287 1933 1405 1996 genere

202 2077 205 2082 .
283 2015 362 2082 salis
386 2015 537 2080 docemur
558 2015 668 2080 verbis
685 2014 888 2101 Cappadocis
909 2015 942 2079 in
967 2015 1058 2082 Cure.
1080 2015 1143 2081 res.
1166 2015 1229 2080 260
1244 2035 1292 2099 sq.
1316 2015 1404 2099 „Hac

283 2123 376 2184 nocie
399 2118 432 2184 in
464 2118 584 2183 somnis
610 2119 701 2182 visus
733 2137 802 2183 sum
834 2118 954 2182 tuerier
976 2119 1092 2184 Procul
1120 2118 1234 2184 sedere
1265 2118 1403 2200 longea

281 2240 331 2286 me
348 2221 592 2306 Aesculapium:
614 2220 729 2304 Neque
748 2219 883 2302 eumad
905 2241 956 2286 me
980 2220 1071 2286 adire
1093 2238 1198 2303 nequo
1220 2237 1272 2284 me
1295 2218 1403 2302 magni

281 2324 423 2410 pendere
440 2323 615 2391 Visumsi“.
662 2325 751 2408 Ooq.:
778 2322 887 2404 „idem
903 2323 986 2389 alios
1011 2323 1089 2390 deos
1106 2323 1246 2389 facturos
1267 2323 1404 2390 scilicet:

281 2430 367 2494 Sanc
389 2428 436 2492 illi
468 2427 552 2495 inter
574 2447 610 2494 se
642 2430 816 2510 congruont
846 2425 1055 2492 concordiler.
1091 2425 1181 2492 Nihil
1212 2410 1404 2492 eslmiuan·

282 2531 357 2596 dum
380 2530 495 2596 melius
518 2531 545 2596 si
570 2531 614 2596 nil
637 2530 679 2595 sii
701 2529 772 2595 tibi:
788 2530 937 2613 Namque
960 2528 1112 2595 incubare
1128 2528 1228 2594 salius
1251 2531 1283 2594 le
1297 2527 1404 2594 fuerat

281 2633 360 2712 Iovi,
382 2632 510 2697 Auxilio
526 2633 584 2698 tibi
600 2633 654 2716 qui
673 2632 706 2698 iu
722 2631 927 2698 iureiurando
942 2630 1029 2696 fuum
1063 2631 1174 2716 Cappa
1201 2629 1254 2712 „Si
1273 2631 1403 2715 quidem

281 2735 433 2802 incubare
458 2737 511 2820 qui
534 2737 727 2821 periurarin't
749 2737 861 2820 velint,
891 2736 998 2801 Locus
1023 2755 1086 2802 non
1112 2734 1296 2820 praehiberi
1318 2735 1403 2820 potis

177 2913 180 2922 ¹
282 2843 331 2918 est
352 2839 387 2906 in
408 2839 597 2923 Capitolio.“
642 2838 731 2922 Ooq.:
766 2841 853 2920 „Hoc
876 2839 1019 2904 animum
1046 2837 1192 2905 advorte:
1224 2857 1337 2922 paoem
1361 2837 1402 2903 ab

281 2941 476 3027 Aesculapio
508 2949 614 3026 pelas,
645 2961 686 3008 ne
712 2942 794 3009 forte
825 2940 954 3008 eveniat
984 2940 1041 3006 tibi
1072 2960 1224 3024 magnum
1250 2940 1401 3024 malum¹)

282 3043 374 3123 Quod
397 3045 430 3112 in
458 3045 565 3129 quiete
596 3044 653 3110 tibi
684 3048 926 3129 portentumst.“
973 3043 1129 3110 Incubare
1156 3043 1253 3127 igitur
1279 3043 1307 3108 si
1330 3041 1402 3126 quis

280 3149 388 3232 vellet,
411 3149 498 3214 omni
513 3169 586 3213 eum
602 3148 699 3232 culpa
713 3151 745 3213 et
758 3147 848 3212 vitiis
863 3146 999 3212 liberum
1015 3167 1087 3212 esse
1103 3146 1280 3231 oportebat,
1303 3165 1402 3230 quare

281 3250 460 3342 Cappadox
483 3250 630 3336 periurus
651 3253 739 3317 recte
762 3248 841 3314 dicit
862 3249 895 3314 in
917 3267 947 3315 v.
970 3251 1043 3316 216:
1067 3250 1227 3333 „Migrare
1251 3253 1403 3314 certmst
1434 3275 1436 3284 ·

280 3353 451 3421 nunciam
474 3374 492 3421 e
514 3353 589 3420 fano
617 3352 724 3418 foras“
745 3370 804 3417 neo
827 3351 888 3417 nisi
911 3352 1007 3418 venia
1038 3351 1139 3436 petila
1169 3351 1274 3416 malus
1305 3350 1401 3416 homo

275 3454 402 3524 bonum.
420 3457 589 3542 augurium
613 3457 675 3522 sibi
697 3455 846 3541 portendi
870 3473 1001 3540 sperare
1022 3459 1139 3540 polest3
1163 3453 1202 3520 ol.
1218 3475 1247 3520 v.
1270 3457 1332 3522 270
1355 3475 1401 3540 sq.

280 3559 376 3645 Apud
393 3561 536 3627 Graecos
557 3580 634 3627 uero
658 3578 769 3626 omncs
791 3557 824 3623 di
840 3557 972 3622 somniis
994 3558 1178 3624 voluntates
1199 3577 1276 3623 suas
1299 3564 1402 3627 oslen-

281 3661 357 3729 derc
380 3663 576 3748 putabantur
599 3662 650 3748 (of.
673 3663 836 3729 Hermann
858 3682 889 3745 p.
912 3661 983 3725 229.
1006 3663 1022 3723 l
1049 3664 1079 3724 ct
1103 3661 1172 3725 264.
1198 3660 1239 3746 1),
1260 3662 1401 3730 maxime

279 3779 482 3787 *m—

351 3819 370 3886 ¹)
389 3817 472 3872 Hunc
500 3834 612 3874 versum
635 3826 684 3874 271
708 3815 914 3872 Fleckeisenuo
941 3814 983 3869 sic
1005 3815 1134 3885 scripsit:
1164 3816 1267 3885 „Pelas
1286 3833 1321 3874 ue
1340 3815 1400 3874 fors

281 3902 334 3958 libi
354 3907 459 3958 evenat
477 3919 605 3972 magnum
624 3903 758 3968 malurn;“
775 3903 945 3960 Muellerus:
963 3903 1062 3970 „Pelas
1081 3917 1116 3958 ne
1135 3902 1186 3958 ribi
1204 3899 1280 3963 forte
1298 3908 1402 3958 evenat

280 3993 394 4054 m.m.;“
413 3989 464 4044 scd
480 3987 599 4044 formam
618 3993 754 4055 „avenar‘
773 3985 868 4045 influe
881 3994 1097 4045 tautrrmversus
1116 3989 1248 4044 usitatam
1261 3988 1316 4043 hoc
1334 3989 1399 4044 loco

281 4080 383 4130 contra
402 4074 491 4131 libros
511 4077 539 4129 iu
559 4082 665 4130 textum
684 4076 814 4144 recipere
827 4075 1035 4146 nonaudeam31
1053 4073 1175 4131 ol.Brix.
1190 4073 1399 4135 adTrin.v.41.
