3224 4734
708 333 921 396 -44-

171 557 173 560 .
253 501 408 565 nummuli
431 501 523 568 aurei
550 501 767 587 lymphatici.“
803 502 954 587 Adelph.:
977 504 1128 596 „Deferto
1151 503 1193 568 ad
1216 523 1289 568 me:
1314 501 1397 566 saxo

252 608 396 670 actutum
413 605 595 671 constiterit
617 606 877 692 lymphaticum‚“
901 606 986 689 quod
1001 605 1196 672 adiectivum
1211 603 1307 670 idem
1323 605 1398 669 fere

253 707 438 790 significans
462 727 558 791 quam
584 708 754 793 ‚,insanus“
781 710 833 774 vel
856 707 1040 792 „'furicsus“‚
1071 697 1220 793 primitus
1243 707 1398 772 fortasse

252 831 378 895 „aquae
400 810 536 877 timens“
568 811 629 877 hoo
656 811 728 878 loco
750 813 935 878 ioculariter·
961 812 1003 877 de
1025 812 1163 877 nummis
1190 811 1320 876 dictum
1346 812 1400 875 est

254 913 309 996 qui
325 934 343 980 e
363 915 508 980 crumina
523 914 608 981 elabi
630 914 751 981 furiose
774 916 913 982 student.
921 921 944 994 ¹)
961 952 1001 963 -
1020 916 1089 981 Hoc
1105 916 1175 980 loco
1198 914 1316 998 placet
1336 911 1397 977 ad·

253 1017 387 1100 iungere
418 1017 630 1104 Lavemam2)
662 1019 765 1084 furum
796 1023 964 1104 patronam
988 1018 1125 1102 quaein
1149 1037 1212 1081 nuo
1229 1016 1345 1081 Aulul.
1367 1035 1399 1080 u.

256 1121 320 1185 445
344 1120 436 1185 uobis
459 1121 608 1186 occurrit:
630 1123 694 1206 „itu
709 1135 760 1187 me
775 1123 858 1188 bene
874 1129 963 1188 amet
977 1121 1154 1187 Laverna.“
1180 1121 1221 1184 Et
1234 1119 1304 1184 buc
1321 1138 1400 1204 per-

253 1223 334 1288 tinet
365 1224 577 1306 fragmentum
607 1223 847 1291 Ocrniculariae
880 1244 1007 1308 quoque
1033 1224 1203 1290 Plautinae
1234 1221 1397 1286 aNcnio

124 1351 125 1358 ¹
253 1349 286 1412 p.
304 1327 366 1392 134
389 1331 560 1410 servatum,
590 1327 676 1410 quod
685 1327 865 1393 Buecheler
880 1329 913 1392 in
935 1347 1016 1392 mus.
1032 1327 1121 1394 rhen.
1138 1326 1198 1392 vol.
1216 1327 1255 1390 15
1280 1347 1315 1411 p.
1328 1325 1397 1390 433

254 1429 300 1494 ita
321 1428 472 1494 restituit:
503 1430 573 1513 „Ita
596 1429 676 1494 mibi
699 1431 850 1496 Lauerna
872 1431 904 1495 in
932 1429 1025 1495 furtis
1048 1429 1216 1496 celerassit
1237 1427 1399 1512 manus;“

254 1531 292 1596 of.
322 1535 493 1615 praeterea
523 1532 639 1616 fragm.
667 1533 766 1598 Nouii
796 1532 884 1617 apud
907 1533 1003 1599 Ribb.
1027 1554 1056 1616 p.
1080 1535 1155 1596 229:
1186 1536 1265 1616 „Per
1290 1530 1397 1596 deam

255 1639 400 1698 sanctam
423 1635 604 1701 Lauernam
637 1655 721 1720 quae
749 1637 812 1702 mei
840 1636 957 1701 cultrix
981 1635 1187 1720 quaestuist.“
1233 1635 1282 1700 De
1308 1634 1397 1699 anti-

255 1734 378 1818 quitate
400 1741 510 1804 autem
532 1738 628 1803 buius
651 1736 733 1804 deae
757 1739 943 1804 coniectura
968 1738 1037 1804 fieri
1059 1742 1167 1823 potest
1190 1757 1231 1803 ex
1249 1737 1396 1801 vasculo

256 1837 347 1904 fictili
378 1839 464 1923 quod
496 1840 693 1906 inscribitur:
731 1841 892 1906 Lavernai
923 1842 1072 1924 pocolcm
1104 1839 1156 1926 (cf.
1189 1839 1314 1904 Ritscb.
1351 1839 1395 1904 dc

254 1941 342 2008 fictil.
366 1943 496 2009 litterat.
519 1944 652 2009 Bonnae
677 1945 759 2010 1853
782 1968 815 1988 =
839 1964 947 2030 opusc.
972 1944 1017 2009 IV
1041 1946 1102 2009 226
1127 1942 1198 2029 sq.).

345 2046 531 2133 Neptunum
555 2048 595 2113 de
619 2066 681 2130 quo
704 2067 789 2112 nunc
811 2052 926 2130 agatur
951 2046 1039 2113 Iovis
1062 2048 1195 2113 fratrem
1216 2065 1289 2113 csse
1306 2046 1394 2112 anti·

256 2147 367 2232 quitus
380 2149 504 2215 Romae
527 2155 561 2215 ut
584 2151 711 2215 videtur·
733 2150 844 2233 ignota
867 2155 982 2235 postea
1005 2169 1077 2214 oum
1099 2149 1187 2214 idem
1207 2149 1261 2231 qui
1278 2147 1395 2214 Posei-

258 2251 321 2318 don
344 2251 542 2318 Graecorum
573 2259 740 2338 putaretur
767 2253 888 2319 usitata
911 2260 981 2318 erat
1005 2252 1161 2319 doctrina.
1205 2252 1296 2317 Talis
1320 2253 1392 2317 iam

255 2355 289 2418 in
307 2355 395 2420 Trin.
423 2356 762 2423 55101550820-841
786 2377 886 2442 saepe
913 2357 1112 2441 multumque
1138 2355 1284 2421 tractatis
1312 2377 1394 2440 pro-

257 2455 358 2522 cedit:
391 2459 567 2544 nempeO.
589 2460 623 2527 F.
646 2461 695 2526 W.
719 2459 892 2525 Muellerus
923 2460 957 2524 in
988 2460 1062 2525 libri
1089 2459 1130 2524 de
1170 2479 1253 2544 pros.
1281 2459 1392 2525 Plaut.

261 2577 322 2624 scr.
345 2581 376 2645 p.
401 2563 462 2626 112
490 2561 552 2627 boc
574 2561 669 2626 modo
694 2561 839 2646 scripsit:
863 2560 1093 2646 „Salslpctenti
1115 2566 1147 2627 et
1168 2561 1391 2645 multipotenti

257 2662 345 2727 Iovis
368 2664 457 2729 fratri
473 2665 580 2729 Nereo
605 2663 651 2750 (et
672 2662 824 2748 Portuno)
848 2663 971 2728 Laetus
994 2663 1107 2729 lubens
1129 2662 1244 2729 laudes
1267 2684 1330 2747 ago
1357 2667 1391 2729 et

260 2765 364 2847 gratis
387 2764 571 2850 gratiasque
594 2766 698 2832 babeo
724 2770 756 2832 et
777 2764 925 2830 fluctibus
948 2765 1045 2830 salsis
1069 2767 1186 2850 sq....“
1209 2765 1266 2832 sed
1288 2765 1396 2831 finem-

259 2886 376 2932 versus
399 2870 462 2933 820
484 2869 626 2955 pessime
649 2873 806 2933 mutatum
830 2887 902 2932 esse
923 2868 989 2932 iam
1004 2867 1200 2933 Ritschelius
1222 2867 1255 2931 in
1276 2887 1390 2952 opusc.

257 2969 376 3035 volum.
407 2971 467 3035 ΙΙΙ.
497 2992 571 3056 pag.
605 2971 697 3037 154*
728 2970 970 3038 demonstravit.
1021 2970 1180 3055 „Nereum
1213 2970 1297 3034 enim
1324 2990 1389 3036 nec

257 3093 404 3155 unquam
421 3073 508 3138 Iovis
530 3074 662 3138 fratrem
684 3092 760 3139 esse
782 3093 843 3140 neo
867 3092 1008 3156 unquam
1031 3093 1089 3157 pro
1104 3073 1254 3157 Neptuno
1277 3071 1389 3158 poni;“

261 3179 311 3240 est
326 3174 410 3239 enim
421 3175 547 3240 Nereus
562 3175 705 3259 Neptuni
716 3195 815 3240 socer.
841 3175 922 3239 Tum
938 3179 1095 3240 Portunus
1109 3194 1174 3241 non
1196 3194 1267 3238 cum
1278 3175 1387 3240 Nereo

259 3277 320 3344 sed
335 3299 408 3344 cum
418 3275 567 3364 Neptune
583 3277 786 3361 coniungitur
802 3284 836 3342 ut
852 3283 901 3342 est
917 3277 949 3341 in
960 3277 1040 3341 Rud.
1056 3297 1153 3344 versu
1163 3279 1236 3343 160:
1253 3278 1387 3358 „Palae-

260 3400 345 3465 mcn‚
368 3386 479 3446 sancte
495 3379 791 3464 Neptuni-comcs?
814 3378 993 3444 Palaemon
1008 3379 1091 3444 enim
1114 3380 1228 3462 auriga
1243 3378 1386 3465 Neptuni

261 3487 330 3547 erat
354 3489 386 3548 et
408 3483 533 3566 utrique
559 3480 704 3548 Corinthi
727 3482 794 3547 ludi
817 3481 1065 3547 celebrabantur
1088 3483 1143 3568 (cf.
1160 3483 1266 3548 Schol.
1286 3482 1385 3548 Arist.

333 3672 351 3735 ¹)
375 3668 418 3726 De
437 3669 491 3724 boc
510 3667 656 3724 vobabulo
680 3668 748 3723 vide
767 3669 848 3723 ctiam
867 3668 983 3725 Paulum
1002 3684 1029 3737 p.
1051 3675 1099 3724 120
1120 3674 1148 3722 ct
1165 3667 1283 3724 Prelleri
1302 3669 1383 3740 myth

260 3755 360 3810 Graec.
378 3757 399 3811 1.
419 3773 445 3825 p.
465 3762 522 3810 595.

339 3843 360 3909 ²)
379 3841 521 3908 Compara
547 3840 693 3910 pulchram
723 3839 943 3908 descriptionem
972 3840 1054 3895 huius
1082 3838 1153 3894 deae
1178 3853 1259 3908 quam
1283 3839 1384 3895 exhibe

259 3925 399 3980 Horatius
418 3926 447 3979 in
466 3926 548 3993 epist.
569 3925 585 3979 l.
605 3926 627 3980 1.
649 3933 686 3980 16.
707 3933 852 3995 60015-
879 3925 923 3980 De
947 3924 1120 3995 etymologia
1144 3925 1226 3979 huius
1249 3926 1383 3981 vocabuli

260 4011 329 4066 vide
351 4009 525 4065 Grassmann
545 4011 572 4064 in
591 4010 693 4066 Kuhns
712 4011 740 4066 Z.
759 4011 778 4066 f.
797 4011 854 4080 vgl.
873 4011 920 4079 sp.
940 4011 997 4066 vol.
1010 4007 1078 4064 XVI
1097 4026 1124 4078 p.
1144 4017 1200 4075 181,
1220 4011 1268 4080 qui
1287 4026 1303 4065 a
1321 4026 1382 4067 sau·

261 4095 378 4152 seritica
397 4095 495 4150 radice
514 4089 706 4151 lt=finderc
725 4095 894 4152 abscindere
912 4095 1036 4152 avellere
1056 4095 1174 4152 derivat.

701 4713 748 4719 ,,,,,
884 4687 1021 4705 ,......
1529 4559 1580 4720 1
