<?xml version="1.0" encoding="UTF-8"?>
<!DOCTYPE html PUBLIC "-//W3C//DTD XHTML 1.0 Transitional//EN"
    "http://www.w3.org/TR/xhtml1/DTD/xhtml1-transitional.dtd">
<html xmlns="http://www.w3.org/1999/xhtml" xml:lang="en" lang="en">
 <head>
  <title>
</title>
<meta http-equiv="Content-Type" content="text/html;charset=utf-8" />
  <meta name='ocr-system' content='tesseract 3.04.00' />
  <meta name='ocr-capabilities' content='ocr_page ocr_carea ocr_par ocr_line ocrx_word'/>
</head>
<body>
  <div class='ocr_page' id='page_1' title='image "./quaestionesplau00kesegoog_0060.png"; bbox 0 0 3224 4734; ppageno 0'>
   <div class='ocr_carea' id='block_1_1' title="bbox 699 354 912 422">
    <p class='ocr_par' dir='ltr' id='par_1_1' title="bbox 699 354 912 422">
     <span class='ocr_line' id='line_1_1' title="bbox 699 354 912 422; baseline 0 -19"><span class='ocrx_word' id='word_1_1' title='bbox 699 354 912 422; x_wconf 75' lang='grc'><strong>,51-</strong></span> 
     </span>
    </p>
   </div>
   <div class='ocr_carea' id='block_1_2' title="bbox 163 523 1372 1331">
    <p class='ocr_par' dir='ltr' id='par_1_2' title="bbox 163 523 1372 1331">
     <span class='ocr_line' id='line_1_2' title="bbox 247 523 1371 611; baseline 0.001 -20"><span class='ocrx_word' id='word_1_2' title='bbox 247 525 376 592; x_wconf 87' lang='lat' dir='ltr'><strong>uomina</strong></span> <span class='ocrx_word' id='word_1_3' title='bbox 392 525 500 592; x_wconf 89' lang='lat' dir='ltr'><strong>omnia</strong></span> <span class='ocrx_word' id='word_1_4' title='bbox 513 525 540 591; x_wconf 79' lang='lat' dir='ltr'><strong>si</strong></span> <span class='ocrx_word' id='word_1_5' title='bbox 556 525 606 591; x_wconf 87' lang='lat' dir='ltr'><strong>vis</strong></span> <span class='ocrx_word' id='word_1_6' title='bbox 621 525 664 592; x_wconf 90' lang='lat' dir='ltr'><strong>ad</strong></span> <span class='ocrx_word' id='word_1_7' title='bbox 680 546 777 592; x_wconf 89' lang='lat' dir='ltr'><strong>unam</strong></span> <span class='ocrx_word' id='word_1_8' title='bbox 787 527 943 593; x_wconf 82' lang='lat' dir='ltr'><strong>Venerem</strong></span> <span class='ocrx_word' id='word_1_9' title='bbox 958 525 1083 608; x_wconf 82' lang='lat' dir='ltr'><strong>reterre-</strong></span> <span class='ocrx_word' id='word_1_10' title='bbox 1094 523 1210 611; x_wconf 90' lang='lat' dir='ltr'><strong>possis.</strong></span> <span class='ocrx_word' id='word_1_11' title='bbox 1236 526 1371 593; x_wconf 86' lang='lat' dir='ltr'><strong>Poetam</strong></span> 
     </span>
     <span class='ocr_line' id='line_1_3' title="bbox 247 627 1371 714; baseline -0.001 -21"><span class='ocrx_word' id='word_1_12' title='bbox 247 632 356 694; x_wconf 90' lang='lat' dir='ltr'><strong>autem</strong></span> <span class='ocrx_word' id='word_1_13' title='bbox 379 629 473 694; x_wconf 91' lang='lat' dir='ltr'><strong>Musa</strong></span> <span class='ocrx_word' id='word_1_14' title='bbox 495 647 616 714; x_wconf 84' lang='lat' dir='ltr'><strong>prooax</strong></span> <span class='ocrx_word' id='word_1_15' title='bbox 644 629 752 712; x_wconf 89' lang='lat' dir='ltr'><strong>paullo</strong></span> <span class='ocrx_word' id='word_1_16' title='bbox 774 629 901 712; x_wconf 86' lang='lat' dir='ltr'><strong>longius</strong></span> <span class='ocrx_word' id='word_1_17' title='bbox 925 628 1070 694; x_wconf 76' lang='lat' dir='ltr'><strong>domitet</strong></span> <span class='ocrx_word' id='word_1_18' title='bbox 1095 628 1204 694; x_wconf 91' lang='lat' dir='ltr'><strong>Ludus</strong></span> <span class='ocrx_word' id='word_1_19' title='bbox 1227 627 1307 712; x_wconf 89' lang='lat' dir='ltr'><strong>quid</strong></span> <span class='ocrx_word' id='word_1_20' title='bbox 1328 629 1371 693; x_wconf 91' lang='lat' dir='ltr'><strong>sit</strong></span> 
     </span>
     <span class='ocr_line' id='line_1_4' title="bbox 248 730 1371 818; baseline 0.002 -22"><span class='ocrx_word' id='word_1_21' title='bbox 248 730 488 797; x_wconf 77' lang='lat' dir='ltr'><strong>Suauisauiatio</strong></span> <span class='ocrx_word' id='word_1_22' title='bbox 516 731 645 799; x_wconf 81' lang='lat' dir='ltr'><strong>messius</strong></span> <span class='ocrx_word' id='word_1_23' title='bbox 671 737 776 815; x_wconf 84' lang='lat' dir='ltr'><strong>rogat:</strong></span> <span class='ocrx_word' id='word_1_24' title='bbox 806 731 875 818; x_wconf 89' lang='lat' dir='ltr'><strong>„An</strong></span> <span class='ocrx_word' id='word_1_25' title='bbox 901 732 981 797; x_wconf 88' lang='lat' dir='ltr'><strong>deus</strong></span> <span class='ocrx_word' id='word_1_26' title='bbox 1004 735 1054 798; x_wconf 92' lang='lat' dir='ltr'><strong>est</strong></span> <span class='ocrx_word' id='word_1_27' title='bbox 1076 731 1160 797; x_wconf 91' lang='lat' dir='ltr'><strong>ullus</strong></span> <span class='ocrx_word' id='word_1_28' title='bbox 1183 730 1241 816; x_wconf 86' lang='lat' dir='ltr'><strong>S.“,</strong></span> <span class='ocrx_word' id='word_1_29' title='bbox 1271 751 1371 816; x_wconf 90' lang='lat' dir='ltr'><strong>quare</strong></span> 
     </span>
     <span class='ocr_line' id='line_1_5' title="bbox 163 831 1372 920; baseline 0.002 -23"><span class='ocrx_word' id='word_1_30' title='bbox 163 905 164 908; x_wconf 8' lang='grc' dir='ltr'><strong>Ἴ</strong></span> <span class='ocrx_word' id='word_1_31' title='bbox 247 833 444 918; x_wconf 87' lang='lat' dir='ltr'><strong>Pistoolerus</strong></span> <span class='ocrx_word' id='word_1_32' title='bbox 459 833 646 920; x_wconf 83' lang='lat' dir='ltr'><strong>vituperans</strong></span> <span class='ocrx_word' id='word_1_33' title='bbox 661 831 850 919; x_wconf 76' lang='lat' dir='ltr'><strong>respondet:</strong></span> <span class='ocrx_word' id='word_1_34' title='bbox 881 832 928 919; x_wconf 89' lang='lat' dir='ltr'><strong>,I,</strong></span> <span class='ocrx_word' id='word_1_35' title='bbox 952 833 1080 900; x_wconf 88' lang='lat' dir='ltr'><strong>stultior</strong></span> <span class='ocrx_word' id='word_1_36' title='bbox 1094 853 1129 899; x_wconf 92' lang='lat' dir='ltr'><strong>es</strong></span> <span class='ocrx_word' id='word_1_37' title='bbox 1152 833 1289 900; x_wconf 88' lang='lat' dir='ltr'><strong>barbaro</strong></span> <span class='ocrx_word' id='word_1_38' title='bbox 1312 854 1372 920; x_wconf 91' lang='lat' dir='ltr'><strong>pu·</strong></span> 
     </span>
     <span class='ocr_line' id='line_1_6' title="bbox 236 931 1370 1022; baseline 0.002 -22"><span class='ocrx_word' id='word_1_39' title='bbox 236 935 364 1022; x_wconf 32' lang='lat' dir='ltr'><strong>-tioio,¹)</strong></span> <span class='ocrx_word' id='word_1_40' title='bbox 396 936 451 1020; x_wconf 93' lang='lat' dir='ltr'><strong>qui</strong></span> <span class='ocrx_word' id='word_1_41' title='bbox 476 941 585 1003; x_wconf 91' lang='lat' dir='ltr'><strong>tantus</strong></span> <span class='ocrx_word' id='word_1_42' title='bbox 611 942 690 1004; x_wconf 91' lang='lat' dir='ltr'><strong>natu</strong></span> <span class='ocrx_word' id='word_1_43' title='bbox 711 938 845 1003; x_wconf 88' lang='lat' dir='ltr'><strong>deorum</strong></span> <span class='ocrx_word' id='word_1_44' title='bbox 866 936 973 1004; x_wconf 89' lang='lat' dir='ltr'><strong>neseis</strong></span> <span class='ocrx_word' id='word_1_45' title='bbox 994 936 1156 1002; x_wconf 80' lang='lat' dir='ltr'><strong>nomina.“</strong></span> <span class='ocrx_word' id='word_1_46' title='bbox 1180 945 1221 984; x_wconf 86' lang='grc'><strong>’-</strong></span> <span class='ocrx_word' id='word_1_47' title='bbox 1253 931 1370 1004; x_wconf 74' lang='lat' dir='ltr'><strong>Conse-</strong></span> 
     </span>
     <span class='ocr_line' id='line_1_7' title="bbox 246 1037 1370 1124; baseline 0.002 -22"><span class='ocrx_word' id='word_1_48' title='bbox 246 1039 346 1104; x_wconf 88' lang='lat' dir='ltr'><strong>oratio</strong></span> <span class='ocrx_word' id='word_1_49' title='bbox 369 1044 475 1106; x_wconf 88' lang='lat' dir='ltr'><strong>autern</strong></span> <span class='ocrx_word' id='word_1_50' title='bbox 499 1041 615 1106; x_wconf 91' lang='lat' dir='ltr'><strong>Libani</strong></span> <span class='ocrx_word' id='word_1_51' title='bbox 636 1040 670 1106; x_wconf 92' lang='lat' dir='ltr'><strong>in</strong></span> <span class='ocrx_word' id='word_1_52' title='bbox 693 1038 782 1107; x_wconf 84' lang='lat' dir='ltr'><strong>Asin.</strong></span> <span class='ocrx_word' id='word_1_53' title='bbox 804 1059 901 1106; x_wconf 85' lang='lat' dir='ltr'><strong>versu</strong></span> <span class='ocrx_word' id='word_1_54' title='bbox 923 1060 947 1106; x_wconf 91' lang='lat' dir='ltr'><strong>s.</strong></span> <span class='ocrx_word' id='word_1_55' title='bbox 969 1059 993 1106; x_wconf 89' lang='lat' dir='ltr'><strong>s.</strong></span> <span class='ocrx_word' id='word_1_56' title='bbox 1018 1037 1073 1124; x_wconf 82' lang='lat' dir='ltr'><strong>(ef.</strong></span> <span class='ocrx_word' id='word_1_57' title='bbox 1094 1037 1277 1124; x_wconf 84' lang='lat' dir='ltr'><strong>„Servitus“</strong></span> <span class='ocrx_word' id='word_1_58' title='bbox 1298 1039 1370 1123; x_wconf 80' lang='lat'><strong>³06,</strong></span> 
     </span>
     <span class='ocr_line' id='line_1_8' title="bbox 244 1141 1371 1230; baseline 0.001 -23"><span class='ocrx_word' id='word_1_59' title='bbox 244 1143 439 1226; x_wconf 87' lang='lat' dir='ltr'><strong>„Lubentia“</strong></span> <span class='ocrx_word' id='word_1_60' title='bbox 465 1143 543 1229; x_wconf 80' lang='grc'>268)</span> <span class='ocrx_word' id='word_1_61' title='bbox 575 1163 616 1213; x_wconf 83' lang='lat' dir='ltr'><strong>ex</strong></span> <span class='ocrx_word' id='word_1_62' title='bbox 646 1143 849 1230; x_wconf 83' lang='lat' dir='ltr'><strong>penitissime</strong></span> <span class='ocrx_word' id='word_1_63' title='bbox 875 1144 1092 1209; x_wconf 88' lang='lat' dir='ltr'><strong>Romanorum</strong></span> <span class='ocrx_word' id='word_1_64' title='bbox 1124 1142 1252 1226; x_wconf 81' lang='lat' dir='ltr'><strong>ingenio</strong></span> <span class='ocrx_word' id='word_1_65' title='bbox 1279 1141 1371 1208; x_wconf 89' lang='lat' dir='ltr'><strong>fluxit</strong></span> 
     </span>
     <span class='ocr_line' id='line_1_9' title="bbox 246 1244 1371 1331; baseline 0.002 -21"><span class='ocrx_word' id='word_1_66' title='bbox 246 1244 299 1331; x_wconf 87' lang='lat' dir='ltr'><strong>(of.</strong></span> <span class='ocrx_word' id='word_1_67' title='bbox 312 1245 469 1313; x_wconf 87' lang='lat' dir='ltr'><strong>Ribbeek.</strong></span> <span class='ocrx_word' id='word_1_68' title='bbox 492 1248 526 1313; x_wconf 93' lang='lat' dir='ltr'><strong>in</strong></span> <span class='ocrx_word' id='word_1_69' title='bbox 548 1267 628 1313; x_wconf 90' lang='lat' dir='ltr'><strong>mus.</strong></span> <span class='ocrx_word' id='word_1_70' title='bbox 649 1248 738 1314; x_wconf 88' lang='lat' dir='ltr'><strong>rhen.</strong></span> <span class='ocrx_word' id='word_1_71' title='bbox 761 1245 822 1314; x_wconf 91' lang='lat' dir='ltr'><strong>vol.</strong></span> <span class='ocrx_word' id='word_1_72' title='bbox 845 1248 895 1312; x_wconf 75' lang='lat'><strong>37.</strong></span> <span class='ocrx_word' id='word_1_73' title='bbox 914 1268 945 1331; x_wconf 89' lang='lat' dir='ltr'><strong>p.</strong></span> <span class='ocrx_word' id='word_1_74' title='bbox 967 1247 1010 1310; x_wconf 79' lang='lat'><strong>54</strong></span> <span class='ocrx_word' id='word_1_75' title='bbox 1029 1251 1061 1311; x_wconf 91' lang='lat' dir='ltr'><strong>et</strong></span> <span class='ocrx_word' id='word_1_76' title='bbox 1081 1245 1202 1311; x_wconf 88' lang='lat' dir='ltr'><strong>Nissen</strong></span> <span class='ocrx_word' id='word_1_77' title='bbox 1223 1245 1242 1311; x_wconf 92' lang='lat' dir='ltr'><strong>l.</strong></span> <span class='ocrx_word' id='word_1_78' title='bbox 1258 1245 1276 1312; x_wconf 94' lang='lat' dir='ltr'><strong>i.</strong></span> <span class='ocrx_word' id='word_1_79' title='bbox 1287 1266 1318 1331; x_wconf 89' lang='lat' dir='ltr'><strong>p.</strong></span> <span class='ocrx_word' id='word_1_80' title='bbox 1328 1244 1371 1330; x_wconf 79' lang='lat'><strong>8).</strong></span> 
     </span>
    </p>
   </div>
   <div class='ocr_carea' id='block_1_3' title="bbox 246 1347 1500 1442">
    <p class='ocr_par' dir='ltr' id='par_1_3' title="bbox 246 1347 1500 1442">
     <span class='ocr_line' id='line_1_10' title="bbox 246 1347 1500 1442; baseline 0.002 -30"><span class='ocrx_word' id='word_1_81' title='bbox 246 1348 484 1416; x_wconf 89' lang='lat' dir='ltr'><strong>-Fortunam</strong></span> <span class='ocrx_word' id='word_1_82' title='bbox 511 1351 686 1436; x_wconf 85' lang='lat' dir='ltr'><strong>praeeipue</strong></span> <span class='ocrx_word' id='word_1_83' title='bbox 712 1350 832 1416; x_wconf 92' lang='lat' dir='ltr'><strong>bonam</strong></span> <span class='ocrx_word' id='word_1_84' title='bbox 863 1347 959 1416; x_wconf 92' lang='lat' dir='ltr'><strong>deam</strong></span> <span class='ocrx_word' id='word_1_85' title='bbox 989 1368 1064 1416; x_wconf 89' lang='lat' dir='ltr'><strong>esse</strong></span> <span class='ocrx_word' id='word_1_86' title='bbox 1089 1369 1131 1417; x_wconf 86' lang='lat' dir='ltr'><strong>ex</strong></span> <span class='ocrx_word' id='word_1_87' title='bbox 1158 1347 1267 1414; x_wconf 91' lang='lat' dir='ltr'><strong>multis</strong></span> <span class='ocrx_word' id='word_1_88' title='bbox 1289 1348 1370 1415; x_wconf 91' lang='lat' dir='ltr'><strong>loeis</strong></span> <span class='ocrx_word' id='word_1_89' title='bbox 1496 1433 1500 1442; x_wconf 28' lang='grc' dir='ltr'>Ι</span> 
     </span>
    </p>
   </div>
   <div class='ocr_carea' id='block_1_4' title="bbox 197 1451 1372 1747">
    <p class='ocr_par' dir='ltr' id='par_1_4' title="bbox 197 1451 1372 1747">
     <span class='ocr_line' id='line_1_11' title="bbox 246 1451 1372 1541; baseline 0.001 -24"><span class='ocrx_word' id='word_1_90' title='bbox 246 1453 410 1538; x_wconf 79' lang='lat' dir='ltr'><strong>apparuit3</strong></span> <span class='ocrx_word' id='word_1_91' title='bbox 431 1455 490 1520; x_wconf 88' lang='lat' dir='ltr'><strong>sed</strong></span> <span class='ocrx_word' id='word_1_92' title='bbox 511 1455 617 1541; x_wconf 85' lang='lat' dir='ltr'><strong>ipsam</strong></span> <span class='ocrx_word' id='word_1_93' title='bbox 639 1453 760 1520; x_wconf 85' lang='lat' dir='ltr'><strong>Malam</strong></span> <span class='ocrx_word' id='word_1_94' title='bbox 783 1453 958 1520; x_wconf 79' lang='lat' dir='ltr'><strong>Fortunam</strong></span> <span class='ocrx_word' id='word_1_95' title='bbox 979 1453 1159 1538; x_wconf 87' lang='lat' dir='ltr'><strong>reporimus</strong></span> <span class='ocrx_word' id='word_1_96' title='bbox 1180 1451 1214 1518; x_wconf 89' lang='lat' dir='ltr'><strong>in</strong></span> <span class='ocrx_word' id='word_1_97' title='bbox 1236 1451 1318 1518; x_wconf 88' lang='lat' dir='ltr'><strong>Rud.</strong></span> <span class='ocrx_word' id='word_1_98' title='bbox 1340 1473 1372 1518; x_wconf 85' lang='lat' dir='ltr'><strong>v.</strong></span> 
     </span>
     <span class='ocr_line' id='line_1_12' title="bbox 246 1553 1371 1641; baseline 0 -22"><span class='ocrx_word' id='word_1_99' title='bbox 246 1554 320 1620; x_wconf 87' lang='lat'>501:</span> <span class='ocrx_word' id='word_1_100' title='bbox 343 1593 384 1604; x_wconf 92' lang='lat'><em>-</em></span> <span class='ocrx_word' id='word_1_101' title='bbox 413 1562 486 1624; x_wconf 89' lang='lat' dir='ltr'><strong>sunt</strong></span> <span class='ocrx_word' id='word_1_102' title='bbox 505 1559 605 1625; x_wconf 85' lang='lat' dir='ltr'><strong>verba</strong></span> <span class='ocrx_word' id='word_1_103' title='bbox 628 1557 784 1625; x_wconf 85' lang='lat' dir='ltr'><strong>Labraeis</strong></span> <span class='ocrx_word' id='word_1_104' title='bbox 807 1594 846 1604; x_wconf 92' lang='lat'><em>-</em></span> <span class='ocrx_word' id='word_1_105' title='bbox 870 1557 1009 1641; x_wconf 87' lang='lat' dir='ltr'><strong>„Malam</strong></span> <span class='ocrx_word' id='word_1_106' title='bbox 1025 1555 1199 1621; x_wconf 80' lang='lat' dir='ltr'><strong>Fortunam</strong></span> <span class='ocrx_word' id='word_1_107' title='bbox 1221 1555 1255 1621; x_wconf 92' lang='lat' dir='ltr'><strong>in</strong></span> <span class='ocrx_word' id='word_1_108' title='bbox 1277 1553 1371 1620; x_wconf 86' lang='lat' dir='ltr'><strong>aedis</strong></span> 
     </span>
     <span class='ocr_line' id='line_1_13' title="bbox 197 1656 1372 1747; baseline -0.003 -23"><span class='ocrx_word' id='word_1_109' title='bbox 197 1735 200 1742; x_wconf 25' lang='lat'>¹</span> <span class='ocrx_word' id='word_1_110' title='bbox 243 1663 275 1724; x_wconf 87' lang='lat' dir='ltr'><strong>te</strong></span> <span class='ocrx_word' id='word_1_111' title='bbox 300 1658 425 1726; x_wconf 85' lang='lat' dir='ltr'><strong>adduxi</strong></span> <span class='ocrx_word' id='word_1_112' title='bbox 457 1661 574 1727; x_wconf 85' lang='lat' dir='ltr'><strong>meas.“</strong></span> <span class='ocrx_word' id='word_1_113' title='bbox 618 1661 715 1747; x_wconf 86' lang='lat' dir='ltr'><strong>Apud</strong></span> <span class='ocrx_word' id='word_1_114' title='bbox 738 1659 924 1725; x_wconf 85' lang='lat' dir='ltr'><strong>Terentium</strong></span> <span class='ocrx_word' id='word_1_115' title='bbox 956 1677 1033 1724; x_wconf 85' lang='lat' dir='ltr'><strong>vero</strong></span> <span class='ocrx_word' id='word_1_116' title='bbox 1057 1658 1199 1724; x_wconf 83' lang='lat' dir='ltr'><strong>Fortuna</strong></span> <span class='ocrx_word' id='word_1_117' title='bbox 1221 1657 1303 1723; x_wconf 85' lang='lat' dir='ltr'><strong>solet</strong></span> <span class='ocrx_word' id='word_1_118' title='bbox 1324 1656 1372 1721; x_wconf 90' lang='lat' dir='ltr'><strong>in-</strong></span> 
     </span>
    </p>
   </div>
   <div class='ocr_carea' id='block_1_5' title="bbox 143 1759 1371 1848">
    <p class='ocr_par' dir='ltr' id='par_1_5' title="bbox 143 1759 1371 1848">
     <span class='ocr_line' id='line_1_14' title="bbox 143 1759 1371 1848; baseline -0.002 -22"><span class='ocrx_word' id='word_1_119' title='bbox 143 1801 144 1806; x_wconf 45' lang='lat'><strong>.</strong></span> <span class='ocrx_word' id='word_1_120' title='bbox 197 1767 200 1770; x_wconf 82' lang='grc'><strong>’</strong></span> <span class='ocrx_word' id='word_1_121' title='bbox 245 1767 333 1828; x_wconf 91' lang='lat' dir='ltr'><strong>oerta</strong></span> <span class='ocrx_word' id='word_1_122' title='bbox 364 1783 452 1848; x_wconf 88' lang='lat' dir='ltr'><strong>esse,</strong></span> <span class='ocrx_word' id='word_1_123' title='bbox 480 1762 751 1846; x_wconf 88' lang='lat' dir='ltr'><strong>quemadmodum</strong></span> <span class='ocrx_word' id='word_1_124' title='bbox 781 1761 815 1828; x_wconf 90' lang='lat' dir='ltr'><strong>in</strong></span> <span class='ocrx_word' id='word_1_125' title='bbox 837 1761 966 1828; x_wconf 91' lang='lat' dir='ltr'><strong>Phorm.</strong></span> <span class='ocrx_word' id='word_1_126' title='bbox 992 1780 1021 1826; x_wconf 85' lang='lat' dir='ltr'><strong>v.</strong></span> <span class='ocrx_word' id='word_1_127' title='bbox 1044 1761 1121 1826; x_wconf 84' lang='lat'>841:</span> <span class='ocrx_word' id='word_1_128' title='bbox 1152 1759 1198 1845; x_wconf 85' lang='lat'><strong>,0</strong></span> <span class='ocrx_word' id='word_1_129' title='bbox 1220 1760 1371 1844; x_wconf 88' lang='lat' dir='ltr'><strong>Fortuna,</strong></span> 
     </span>
    </p>
   </div>
   <div class='ocr_carea' id='block_1_6' title="bbox 246 1860 1370 1950">
    <p class='ocr_par' dir='ltr' id='par_1_6' title="bbox 246 1860 1370 1950">
     <span class='ocr_line' id='line_1_15' title="bbox 246 1860 1370 1950; baseline -0.004 -20"><span class='ocrx_word' id='word_1_130' title='bbox 246 1883 264 1930; x_wconf 93' lang='lat' dir='ltr'><strong>o</strong></span> <span class='ocrx_word' id='word_1_131' title='bbox 286 1865 367 1931; x_wconf 90' lang='lat' dir='ltr'><strong>Fors</strong></span> <span class='ocrx_word' id='word_1_132' title='bbox 389 1865 540 1950; x_wconf 85' lang='lat' dir='ltr'><strong>Fortuna,</strong></span> <span class='ocrx_word' id='word_1_133' title='bbox 563 1865 692 1950; x_wconf 90' lang='lat' dir='ltr'><strong>quantis</strong></span> <span class='ocrx_word' id='word_1_134' title='bbox 720 1860 1013 1948; x_wconf 77' lang='lat' dir='ltr'><strong>commoditatibus,</strong></span> <span class='ocrx_word' id='word_1_135' title='bbox 1036 1861 1140 1941; x_wconf 77' lang='lat' dir='ltr'><strong>Quam</strong></span> <span class='ocrx_word' id='word_1_136' title='bbox 1168 1861 1274 1928; x_wconf 91' lang='lat' dir='ltr'><strong>subito</strong></span> <span class='ocrx_word' id='word_1_137' title='bbox 1297 1881 1370 1928; x_wconf 89' lang='lat' dir='ltr'><strong>meo</strong></span> 
     </span>
    </p>
   </div>
   <div class='ocr_carea' id='block_1_7' title="bbox 246 1965 1496 2055">
    <p class='ocr_par' dir='ltr' id='par_1_7' title="bbox 246 1965 1496 2055">
     <span class='ocr_line' id='line_1_16' title="bbox 246 1965 1496 2055; baseline -0.002 -22"><span class='ocrx_word' id='word_1_138' title='bbox 246 1986 300 2033; x_wconf 91' lang='lat' dir='ltr'><strong>ero</strong></span> <span class='ocrx_word' id='word_1_139' title='bbox 322 1967 501 2053; x_wconf 88' lang='lat' dir='ltr'><strong>Antiphoni</strong></span> <span class='ocrx_word' id='word_1_140' title='bbox 529 1989 590 2055; x_wconf 89' lang='lat' dir='ltr'><strong>ope</strong></span> <span class='ocrx_word' id='word_1_141' title='bbox 617 1974 726 2036; x_wconf 89' lang='lat' dir='ltr'><strong>vostra</strong></span> <span class='ocrx_word' id='word_1_142' title='bbox 756 1968 840 2034; x_wconf 89' lang='lat' dir='ltr'><strong>hune</strong></span> <span class='ocrx_word' id='word_1_143' title='bbox 872 1967 1030 2034; x_wconf 79' lang='lat' dir='ltr'><strong>onerastis</strong></span> <span class='ocrx_word' id='word_1_144' title='bbox 1058 1966 1175 2052; x_wconf 90' lang='lat' dir='ltr'><strong>diem‚“</strong></span> <span class='ocrx_word' id='word_1_145' title='bbox 1206 1965 1370 2050; x_wconf 87' lang='lat' dir='ltr'><strong>quemad</strong></span> <span class='ocrx_word' id='word_1_146' title='bbox 1493 2007 1496 2012; x_wconf 90' lang='lat'>-</span> 
     </span>
    </p>
   </div>
   <div class='ocr_carea' id='block_1_8' title="bbox 159 2067 1428 3908">
    <p class='ocr_par' dir='ltr' id='par_1_8' title="bbox 159 2067 1428 3801">
     <span class='ocr_line' id='line_1_17' title="bbox 245 2067 1371 2154; baseline -0.005 -16"><span class='ocrx_word' id='word_1_147' title='bbox 245 2089 373 2138; x_wconf 85' lang='lat' dir='ltr'><strong>versum</strong></span> <span class='ocrx_word' id='word_1_148' title='bbox 396 2072 543 2138; x_wconf 87' lang='lat' dir='ltr'><strong>Donatus</strong></span> <span class='ocrx_word' id='word_1_149' title='bbox 570 2072 657 2138; x_wconf 90' lang='lat' dir='ltr'><strong>haud</strong></span> <span class='ocrx_word' id='word_1_150' title='bbox 679 2071 802 2138; x_wconf 88' lang='lat' dir='ltr'><strong>insulse</strong></span> <span class='ocrx_word' id='word_1_151' title='bbox 827 2071 973 2137; x_wconf 89' lang='lat' dir='ltr'><strong>adnotat:</strong></span> <span class='ocrx_word' id='word_1_152' title='bbox 995 2067 1155 2154; x_wconf 85' lang='lat' dir='ltr'><strong>„Fortuna</strong></span> <span class='ocrx_word' id='word_1_153' title='bbox 1176 2072 1227 2134; x_wconf 88' lang='lat' dir='ltr'><strong>est</strong></span> <span class='ocrx_word' id='word_1_154' title='bbox 1248 2067 1371 2134; x_wconf 91' lang='lat' dir='ltr'><strong>ineerta</strong></span> 
     </span>
     <span class='ocr_line' id='line_1_18' title="bbox 244 2168 1370 2259; baseline -0.004 -21"><span class='ocrx_word' id='word_1_155' title='bbox 244 2191 305 2258; x_wconf 86' lang='lat' dir='ltr'><strong>res,</strong></span> <span class='ocrx_word' id='word_1_156' title='bbox 327 2174 406 2240; x_wconf 87' lang='lat' dir='ltr'><strong>Fors</strong></span> <span class='ocrx_word' id='word_1_157' title='bbox 430 2175 572 2242; x_wconf 82' lang='lat' dir='ltr'><strong>Fortuna</strong></span> <span class='ocrx_word' id='word_1_158' title='bbox 595 2180 730 2242; x_wconf 84' lang='lat' dir='ltr'><strong>eventus</strong></span> <span class='ocrx_word' id='word_1_159' title='bbox 752 2174 900 2241; x_wconf 73' lang='lat' dir='ltr'><strong>fodunae</strong></span> <span class='ocrx_word' id='word_1_160' title='bbox 923 2173 1058 2259; x_wconf 83' lang='lat' dir='ltr'><strong>bonus;“</strong></span> <span class='ocrx_word' id='word_1_161' title='bbox 1080 2168 1251 2239; x_wconf 80' lang='lat' dir='ltr'><strong>Terentius</strong></span> <span class='ocrx_word' id='word_1_162' title='bbox 1272 2168 1370 2254; x_wconf 87' lang='lat' dir='ltr'><strong>igitur</strong></span> 
     </span>
     <span class='ocr_line' id='line_1_19' title="bbox 244 2271 1370 2363; baseline -0.001 -23"><span class='ocrx_word' id='word_1_163' title='bbox 244 2294 280 2344; x_wconf 90' lang='lat' dir='ltr'><strong>se</strong></span> <span class='ocrx_word' id='word_1_164' title='bbox 302 2276 373 2363; x_wconf 91' lang='lat' dir='ltr'><strong>ipse</strong></span> <span class='ocrx_word' id='word_1_165' title='bbox 396 2277 490 2362; x_wconf 91' lang='lat' dir='ltr'><strong>quasi</strong></span> <span class='ocrx_word' id='word_1_166' title='bbox 513 2277 675 2362; x_wconf 76' lang='lat' dir='ltr'><strong>corrigens</strong></span> <span class='ocrx_word' id='word_1_167' title='bbox 698 2271 940 2362; x_wconf 84' lang='lat' dir='ltr'><strong>ad„F01·tuna⁴‘</strong></span> <span class='ocrx_word' id='word_1_168' title='bbox 967 2275 1059 2342; x_wconf 88' lang='lat' dir='ltr'><strong>addit</strong></span> <span class='ocrx_word' id='word_1_169' title='bbox 1081 2275 1180 2360; x_wconf 91' lang='lat' dir='ltr'><strong>„Fors</strong></span> <span class='ocrx_word' id='word_1_170' title='bbox 1201 2272 1370 2340; x_wconf 86' lang='lat' dir='ltr'><strong>Fortuna.“</strong></span> 
     </span>
     <span class='ocr_line' id='line_1_20' title="bbox 243 2373 1370 2464; baseline -0.001 -21"><span class='ocrx_word' id='word_1_171' title='bbox 243 2373 399 2464; x_wconf 87' lang='lat' dir='ltr'><strong>Idemque</strong></span> <span class='ocrx_word' id='word_1_172' title='bbox 421 2381 567 2446; x_wconf 86' lang='lat' dir='ltr'><strong>Donatus</strong></span> <span class='ocrx_word' id='word_1_173' title='bbox 599 2380 643 2445; x_wconf 93' lang='lat' dir='ltr'><strong>ad</strong></span> <span class='ocrx_word' id='word_1_174' title='bbox 664 2380 813 2464; x_wconf 86' lang='lat' dir='ltr'><strong>Heeyrae</strong></span> <span class='ocrx_word' id='word_1_175' title='bbox 840 2399 870 2445; x_wconf 78' lang='lat' dir='ltr'><strong>r.</strong></span> <span class='ocrx_word' id='word_1_176' title='bbox 892 2380 968 2446; x_wconf 86' lang='lat'><strong>386:</strong></span> <span class='ocrx_word' id='word_1_177' title='bbox 996 2378 1157 2463; x_wconf 87' lang='lat' dir='ltr'><strong>„Fortuna</strong></span> <span class='ocrx_word' id='word_1_178' title='bbox 1183 2376 1217 2441; x_wconf 90' lang='lat' dir='ltr'><strong>in</strong></span> <span class='ocrx_word' id='word_1_179' title='bbox 1238 2375 1370 2459; x_wconf 87' lang='lat' dir='ltr'><strong>ineerto,</strong></span> 
     </span>
     <span class='ocr_line' id='line_1_21' title="bbox 242 2477 1369 2569; baseline -0.001 -23"><span class='ocrx_word' id='word_1_180' title='bbox 242 2482 321 2548; x_wconf 90' lang='lat' dir='ltr'><strong>Fors</strong></span> <span class='ocrx_word' id='word_1_181' title='bbox 343 2483 485 2550; x_wconf 89' lang='lat' dir='ltr'><strong>Fortuna</strong></span> <span class='ocrx_word' id='word_1_182' title='bbox 507 2483 541 2549; x_wconf 90' lang='lat' dir='ltr'><strong>in</strong></span> <span class='ocrx_word' id='word_1_183' title='bbox 563 2484 647 2550; x_wconf 90' lang='lat' dir='ltr'><strong>bono</strong></span> <span class='ocrx_word' id='word_1_184' title='bbox 669 2482 831 2569; x_wconf 86' lang='lat' dir='ltr'><strong>ponitur,“</strong></span> <span class='ocrx_word' id='word_1_185' title='bbox 860 2500 966 2566; x_wconf 86' lang='lat' dir='ltr'><strong>neque</strong></span> <span class='ocrx_word' id='word_1_186' title='bbox 993 2479 1036 2546; x_wconf 93' lang='lat' dir='ltr'><strong>ad</strong></span> <span class='ocrx_word' id='word_1_187' title='bbox 1063 2477 1210 2546; x_wconf 90' lang='lat' dir='ltr'><strong>eiusdem</strong></span> <span class='ocrx_word' id='word_1_188' title='bbox 1237 2478 1369 2545; x_wconf 81' lang='lat' dir='ltr'><strong>fabulae</strong></span> 
     </span>
     <span class='ocr_line' id='line_1_22' title="bbox 241 2581 1368 2671; baseline 0 -23"><span class='ocrx_word' id='word_1_189' title='bbox 241 2602 371 2650; x_wconf 89' lang='lat' dir='ltr'><strong>versum</strong></span> <span class='ocrx_word' id='word_1_190' title='bbox 396 2586 473 2650; x_wconf 77' lang='lat'>406:</span> <span class='ocrx_word' id='word_1_191' title='bbox 513 2585 559 2670; x_wconf 87' lang='lat'><strong>„0</strong></span> <span class='ocrx_word' id='word_1_192' title='bbox 587 2586 739 2671; x_wconf 83' lang='lat' dir='ltr'><strong>Fortuna,</strong></span> <span class='ocrx_word' id='word_1_193' title='bbox 765 2590 801 2652; x_wconf 93' lang='lat' dir='ltr'><strong>ut</strong></span> <span class='ocrx_word' id='word_1_194' title='bbox 822 2604 988 2670; x_wconf 89' lang='lat' dir='ltr'><strong>nunquam</strong></span> <span class='ocrx_word' id='word_1_195' title='bbox 1018 2587 1175 2669; x_wconf 90' lang='lat' dir='ltr'><strong>perpetuo</strong></span> <span class='ocrx_word' id='word_1_196' title='bbox 1209 2600 1244 2647; x_wconf 91' lang='lat' dir='ltr'><strong>es</strong></span> <span class='ocrx_word' id='word_1_197' title='bbox 1272 2581 1368 2648; x_wconf 88' lang='lat' dir='ltr'><strong>data“</strong></span> 
     </span>
     <span class='ocr_line' id='line_1_23' title="bbox 243 2684 1367 2782; baseline 0.004 -34"><span class='ocrx_word' id='word_1_198' title='bbox 243 2684 352 2751; x_wconf 91' lang='lat' dir='ltr'><strong>omisit</strong></span> <span class='ocrx_word' id='word_1_199' title='bbox 374 2684 493 2754; x_wconf 83' lang='lat' dir='ltr'><strong>disere:</strong></span> <span class='ocrx_word' id='word_1_200' title='bbox 524 2686 595 2772; x_wconf 90' lang='lat' dir='ltr'><strong>„hio</strong></span> <span class='ocrx_word' id='word_1_201' title='bbox 618 2689 794 2756; x_wconf 86' lang='lat' dir='ltr'><strong>Fortunam</strong></span> <span class='ocrx_word' id='word_1_202' title='bbox 817 2707 875 2775; x_wconf 93' lang='lat' dir='ltr'><strong>pro</strong></span> <span class='ocrx_word' id='word_1_203' title='bbox 897 2689 984 2754; x_wconf 92' lang='lat' dir='ltr'><strong>bona</strong></span> <span class='ocrx_word' id='word_1_204' title='bbox 1005 2685 1141 2782; x_wconf 66' lang='lat' dir='ltr'><strong>posuit3“</strong></span> <span class='ocrx_word' id='word_1_205' title='bbox 1185 2684 1270 2750; x_wconf 90' lang='lat' dir='ltr'><strong>Nam</strong></span> <span class='ocrx_word' id='word_1_206' title='bbox 1294 2702 1367 2752; x_wconf 90' lang='lat' dir='ltr'><strong>eum</strong></span> 
     </span>
     <span class='ocr_line' id='line_1_24' title="bbox 243 2786 1367 2858; baseline 0.004 -7"><span class='ocrx_word' id='word_1_207' title='bbox 243 2786 373 2854; x_wconf 86' lang='lat' dir='ltr'><strong>Terenti</strong></span> <span class='ocrx_word' id='word_1_208' title='bbox 403 2809 492 2856; x_wconf 90' lang='lat' dir='ltr'><strong>more</strong></span> <span class='ocrx_word' id='word_1_209' title='bbox 523 2788 585 2855; x_wconf 89' lang='lat' dir='ltr'><strong>hoo</strong></span> <span class='ocrx_word' id='word_1_210' title='bbox 616 2811 679 2857; x_wconf 92' lang='lat' dir='ltr'><strong>non</strong></span> <span class='ocrx_word' id='word_1_211' title='bbox 711 2792 932 2858; x_wconf 86' lang='lat' dir='ltr'><strong>eonveniebat.</strong></span> <span class='ocrx_word' id='word_1_212' title='bbox 976 2789 1020 2858; x_wconf 89' lang='lat' dir='ltr'><strong>Ut</strong></span> <span class='ocrx_word' id='word_1_213' title='bbox 1049 2808 1127 2855; x_wconf 89' lang='lat' dir='ltr'><strong>vero</strong></span> <span class='ocrx_word' id='word_1_214' title='bbox 1155 2787 1298 2856; x_wconf 88' lang='lat' dir='ltr'><strong>Fortuna</strong></span> <span class='ocrx_word' id='word_1_215' title='bbox 1320 2789 1367 2856; x_wconf 86' lang='lat' dir='ltr'><strong>sie</strong></span> 
     </span>
     <span class='ocr_line' id='line_1_25' title="bbox 241 2890 1368 2980; baseline -0.001 -24"><span class='ocrx_word' id='word_1_216' title='bbox 241 2891 322 2957; x_wconf 89' lang='lat' dir='ltr'><strong>Fors</strong></span> <span class='ocrx_word' id='word_1_217' title='bbox 344 2911 473 2976; x_wconf 90' lang='lat' dir='ltr'><strong>quoque</strong></span> <span class='ocrx_word' id='word_1_218' title='bbox 496 2892 566 2959; x_wconf 90' lang='lat' dir='ltr'><strong>sola</strong></span> <span class='ocrx_word' id='word_1_219' title='bbox 580 2893 688 2980; x_wconf 92' lang='lat' dir='ltr'><strong>posita</strong></span> <span class='ocrx_word' id='word_1_220' title='bbox 705 2892 834 2961; x_wconf 85' lang='lat' dir='ltr'><strong>videtur</strong></span> <span class='ocrx_word' id='word_1_221' title='bbox 851 2894 952 2961; x_wconf 82' lang='lat' dir='ltr'><strong>fuisse</strong></span> <span class='ocrx_word' id='word_1_222' title='bbox 965 2891 1098 2960; x_wconf 86' lang='lat' dir='ltr'><strong>ineerta.</strong></span> <span class='ocrx_word' id='word_1_223' title='bbox 1128 2890 1265 2977; x_wconf 75' lang='lat' dir='ltr'><strong>Scripsit</strong></span> <span class='ocrx_word' id='word_1_224' title='bbox 1282 2890 1368 2958; x_wconf 90' lang='lat' dir='ltr'><strong>enirn</strong></span> 
     </span>
     <span class='ocr_line' id='line_1_26' title="bbox 243 2993 1428 3082; baseline 0.002 -25"><span class='ocrx_word' id='word_1_225' title='bbox 243 2994 413 3061; x_wconf 86' lang='lat' dir='ltr'><strong>Terentius</strong></span> <span class='ocrx_word' id='word_1_226' title='bbox 435 2995 467 3062; x_wconf 94' lang='lat' dir='ltr'><strong>in</strong></span> <span class='ocrx_word' id='word_1_227' title='bbox 482 2995 610 3063; x_wconf 88' lang='lat' dir='ltr'><strong>Phorm.</strong></span> <span class='ocrx_word' id='word_1_228' title='bbox 625 3016 656 3064; x_wconf 90' lang='lat' dir='ltr'><strong>v.</strong></span> <span class='ocrx_word' id='word_1_229' title='bbox 666 2999 741 3064; x_wconf 83' lang='lat'>138:</span> <span class='ocrx_word' id='word_1_230' title='bbox 764 2995 876 3082; x_wconf 78' lang='lat' dir='ltr'><strong>„Quod</strong></span> <span class='ocrx_word' id='word_1_231' title='bbox 891 2997 972 3062; x_wconf 79' lang='lat' dir='ltr'><strong>Fors</strong></span> <span class='ocrx_word' id='word_1_232' title='bbox 995 2994 1084 3078; x_wconf 86' lang='lat' dir='ltr'><strong>ieret,</strong></span> <span class='ocrx_word' id='word_1_233' title='bbox 1105 2993 1248 3061; x_wconf 88' lang='lat' dir='ltr'><strong>feremus</strong></span> <span class='ocrx_word' id='word_1_234' title='bbox 1262 3014 1367 3077; x_wconf 89' lang='lat' dir='ltr'><strong>aequo</strong></span> <span class='ocrx_word' id='word_1_235' title='bbox 1425 3025 1428 3029; x_wconf 73' lang='lat'><strong>,</strong></span> 
     </span>
     <span class='ocr_line' id='line_1_27' title="bbox 242 3094 1368 3182; baseline 0.002 -22"><span class='ocrx_word' id='word_1_236' title='bbox 242 3094 380 3182; x_wconf 85' lang='lat' dir='ltr'><strong>animo;“</strong></span> <span class='ocrx_word' id='word_1_237' title='bbox 412 3117 506 3181; x_wconf 89' lang='lat' dir='ltr'><strong>quem</strong></span> <span class='ocrx_word' id='word_1_238' title='bbox 528 3117 659 3167; x_wconf 83' lang='lat' dir='ltr'><strong>versum</strong></span> <span class='ocrx_word' id='word_1_239' title='bbox 682 3099 710 3164; x_wconf 90' lang='lat' dir='ltr'><strong>si</strong></span> <span class='ocrx_word' id='word_1_240' title='bbox 731 3098 869 3182; x_wconf 81' lang='lat' dir='ltr'><strong>legimus</strong></span> <span class='ocrx_word' id='word_1_241' title='bbox 889 3096 987 3164; x_wconf 85' lang='lat' dir='ltr'><strong>faeile</strong></span> <span class='ocrx_word' id='word_1_242' title='bbox 1009 3094 1217 3164; x_wconf 85' lang='lat' dir='ltr'><strong>reeordamur</strong></span> <span class='ocrx_word' id='word_1_243' title='bbox 1238 3097 1368 3164; x_wconf 86' lang='lat' dir='ltr'><strong>Menan·</strong></span> 
     </span>
     <span class='ocr_line' id='line_1_28' title="bbox 242 3197 1367 3286; baseline 0.002 -23"><span class='ocrx_word' id='word_1_244' title='bbox 242 3197 333 3265; x_wconf 90' lang='lat' dir='ltr'><strong>drum</strong></span> <span class='ocrx_word' id='word_1_245' title='bbox 356 3219 484 3284; x_wconf 91' lang='lat' dir='ltr'><strong>quoque</strong></span> <span class='ocrx_word' id='word_1_246' title='bbox 507 3201 699 3286; x_wconf 86' lang='lat' dir='ltr'><strong>saepissime</strong></span> <span class='ocrx_word' id='word_1_247' title='bbox 721 3221 780 3267; x_wconf 79' lang='lat' dir='ltr'><strong>nos</strong></span> <span class='ocrx_word' id='word_1_248' title='bbox 802 3199 977 3268; x_wconf 87' lang='lat' dir='ltr'><strong>admonere</strong></span> <span class='ocrx_word' id='word_1_249' title='bbox 999 3204 1034 3264; x_wconf 90' lang='lat' dir='ltr'><strong>nt</strong></span> <span class='ocrx_word' id='word_1_250' title='bbox 1049 3197 1254 3265; x_wconf 86' lang='lat' dir='ltr'><strong>diffieultates</strong></span> <span class='ocrx_word' id='word_1_251' title='bbox 1269 3198 1367 3265; x_wconf 79' lang='lat' dir='ltr'><strong>huius</strong></span> 
     </span>
     <span class='ocr_line' id='line_1_29' title="bbox 159 3301 1366 3392; baseline 0 -24"><span class='ocrx_word' id='word_1_252' title='bbox 159 3331 166 3344; x_wconf 50' lang='lat'><strong><em>⁵</em></strong></span> <span class='ocrx_word' id='word_1_253' title='bbox 240 3301 327 3368; x_wconf 85' lang='lat' dir='ltr'><strong>vitae</strong></span> <span class='ocrx_word' id='word_1_254' title='bbox 343 3302 481 3370; x_wconf 88' lang='lat' dir='ltr'><strong>libenter·</strong></span> <span class='ocrx_word' id='word_1_255' title='bbox 503 3305 726 3391; x_wconf 89' lang='lat' dir='ltr'><strong>patienterque</strong></span> <span class='ocrx_word' id='word_1_256' title='bbox 741 3306 917 3392; x_wconf 87' lang='lat' dir='ltr'><strong>toleremus</strong></span> <span class='ocrx_word' id='word_1_257' title='bbox 931 3321 1014 3370; x_wconf 89' lang='lat' dir='ltr'><strong>neve</strong></span> <span class='ocrx_word' id='word_1_258' title='bbox 1030 3303 1126 3369; x_wconf 89' lang='lat' dir='ltr'><strong>nimis</strong></span> <span class='ocrx_word' id='word_1_259' title='bbox 1141 3303 1366 3388; x_wconf 83' lang='lat' dir='ltr'><strong>indulgeamus</strong></span> 
     </span>
     <span class='ocr_line' id='line_1_30' title="bbox 242 3404 1369 3494; baseline -0.001 -22"><span class='ocrx_word' id='word_1_260' title='bbox 242 3405 353 3472; x_wconf 87' lang='lat' dir='ltr'><strong>dolori</strong></span> <span class='ocrx_word' id='word_1_261' title='bbox 398 3406 487 3485; x_wconf 83' lang='lat' dir='ltr'><strong>Quos</strong></span> <span class='ocrx_word' id='word_1_262' title='bbox 515 3407 604 3474; x_wconf 89' lang='lat' dir='ltr'><strong>looos</strong></span> <span class='ocrx_word' id='word_1_263' title='bbox 630 3414 666 3475; x_wconf 91' lang='lat' dir='ltr'><strong>ut</strong></span> <span class='ocrx_word' id='word_1_264' title='bbox 688 3404 991 3494; x_wconf 84' lang='lat' dir='ltr'><strong>eognosoasadeas</strong></span> <span class='ocrx_word' id='word_1_265' title='bbox 1015 3405 1043 3471; x_wconf 94' lang='lat' dir='ltr'><strong>si</strong></span> <span class='ocrx_word' id='word_1_266' title='bbox 1065 3405 1172 3492; x_wconf 91' lang='lat' dir='ltr'><strong>plaeet</strong></span> <span class='ocrx_word' id='word_1_267' title='bbox 1192 3405 1229 3471; x_wconf 89' lang='lat' dir='ltr'><strong>P.</strong></span> <span class='ocrx_word' id='word_1_268' title='bbox 1250 3405 1369 3472; x_wconf 89' lang='lat' dir='ltr'><strong>Wend-</strong></span> 
     </span>
     <span class='ocr_line' id='line_1_31' title="bbox 163 3508 1367 3594; baseline 0.001 -20"><span class='ocrx_word' id='word_1_269' title='bbox 163 3509 167 3515; x_wconf 74' lang='grc'><em>“</em></span> <span class='ocrx_word' id='word_1_270' title='bbox 242 3508 343 3575; x_wconf 91' lang='lat' dir='ltr'><strong>lerum</strong></span> <span class='ocrx_word' id='word_1_271' title='bbox 367 3510 422 3594; x_wconf 89' lang='lat' dir='ltr'><strong>qui</strong></span> <span class='ocrx_word' id='word_1_272' title='bbox 450 3511 482 3577; x_wconf 89' lang='lat' dir='ltr'><strong>in</strong></span> <span class='ocrx_word' id='word_1_273' title='bbox 506 3511 614 3578; x_wconf 90' lang='lat' dir='ltr'><strong>libello</strong></span> <span class='ocrx_word' id='word_1_274' title='bbox 642 3511 693 3578; x_wconf 89' lang='lat' dir='ltr'><strong>oui</strong></span> <span class='ocrx_word' id='word_1_275' title='bbox 719 3512 830 3578; x_wconf 90' lang='lat' dir='ltr'><strong>titulus</strong></span> <span class='ocrx_word' id='word_1_276' title='bbox 858 3514 919 3577; x_wconf 91' lang='lat' dir='ltr'><strong>est:</strong></span> <span class='ocrx_word' id='word_1_277' title='bbox 950 3508 1079 3576; x_wconf 88' lang='lat' dir='ltr'><strong>Mediae</strong></span> <span class='ocrx_word' id='word_1_278' title='bbox 1110 3527 1150 3576; x_wconf 90' lang='lat' dir='ltr'><strong>ao</strong></span> <span class='ocrx_word' id='word_1_279' title='bbox 1180 3508 1367 3575; x_wconf 84' lang='lat' dir='ltr'><strong>reeentioris</strong></span> 
     </span>
     <span class='ocr_line' id='line_1_32' title="bbox 243 3610 1367 3702; baseline 0.002 -26"><span class='ocrx_word' id='word_1_280' title='bbox 243 3613 431 3680; x_wconf 89' lang='lat' dir='ltr'><strong>oomoediae</strong></span> <span class='ocrx_word' id='word_1_281' title='bbox 454 3612 573 3681; x_wconf 89' lang='lat' dir='ltr'><strong>attieae</strong></span> <span class='ocrx_word' id='word_1_282' title='bbox 591 3619 708 3702; x_wconf 89' lang='lat' dir='ltr'><strong>poetae</strong></span> <span class='ocrx_word' id='word_1_283' title='bbox 726 3613 861 3699; x_wconf 90' lang='lat' dir='ltr'><strong>quidde</strong></span> <span class='ocrx_word' id='word_1_284' title='bbox 876 3610 1096 3679; x_wconf 88' lang='lat' dir='ltr'><strong>dissenserint</strong></span> <span class='ocrx_word' id='word_1_285' title='bbox 1111 3610 1367 3698; x_wconf 77' lang='lat' dir='ltr'><strong>(Gorlieiiloto)</strong></span> 
     </span>
     <span class='ocr_line' id='line_1_33' title="bbox 241 3713 1367 3801; baseline 0.003 -22"><span class='ocrx_word' id='word_1_286' title='bbox 241 3713 408 3782; x_wconf 89' lang='lat' dir='ltr'><strong>Menandri</strong></span> <span class='ocrx_word' id='word_1_287' title='bbox 431 3734 559 3800; x_wconf 90' lang='lat' dir='ltr'><strong>quoque</strong></span> <span class='ocrx_word' id='word_1_288' title='bbox 581 3735 695 3784; x_wconf 86' lang='lat' dir='ltr'><strong>versus</strong></span> <span class='ocrx_word' id='word_1_289' title='bbox 718 3717 781 3782; x_wconf 91' lang='lat' dir='ltr'><strong>huo</strong></span> <span class='ocrx_word' id='word_1_290' title='bbox 804 3716 1001 3801; x_wconf 89' lang='lat' dir='ltr'><strong>pertinentes</strong></span> <span class='ocrx_word' id='word_1_291' title='bbox 1025 3737 1055 3801; x_wconf 93' lang='lat' dir='ltr'><strong>p.</strong></span> <span class='ocrx_word' id='word_1_292' title='bbox 1077 3715 1204 3782; x_wconf 77' lang='lat'><strong>37-44</strong></span> <span class='ocrx_word' id='word_1_293' title='bbox 1226 3714 1367 3782; x_wconf 91' lang='lat' dir='ltr'><strong>eontulit.</strong></span> 
     </span>
    </p>

    <p class='ocr_par' dir='ltr' id='par_1_9' title="bbox 327 3817 1367 3908">
     <span class='ocr_line' id='line_1_34' title="bbox 327 3817 1367 3908; baseline 0.003 -24"><span class='ocrx_word' id='word_1_294' title='bbox 327 3819 378 3884; x_wconf 89' lang='lat' dir='ltr'><strong>De</strong></span> <span class='ocrx_word' id='word_1_295' title='bbox 401 3819 558 3886; x_wconf 89' lang='lat' dir='ltr'><strong>Merourio</strong></span> <span class='ocrx_word' id='word_1_296' title='bbox 590 3819 730 3888; x_wconf 85' lang='lat' dir='ltr'><strong>breviter</strong></span> <span class='ocrx_word' id='word_1_297' title='bbox 753 3839 914 3908; x_wconf 86' lang='lat' dir='ltr'><strong>exponere</strong></span> <span class='ocrx_word' id='word_1_298' title='bbox 936 3817 1025 3886; x_wconf 86' lang='lat' dir='ltr'><strong>lieet:</strong></span> <span class='ocrx_word' id='word_1_299' title='bbox 1055 3837 1076 3886; x_wconf 92' lang='lat' dir='ltr'><strong>a</strong></span> <span class='ocrx_word' id='word_1_300' title='bbox 1095 3818 1248 3886; x_wconf 84' lang='lat' dir='ltr'><strong>Romanis</strong></span> <span class='ocrx_word' id='word_1_301' title='bbox 1269 3823 1367 3887; x_wconf 90' lang='lat' dir='ltr'><strong>antea</strong></span> 
     </span>
    </p>
   </div>
   <div class='ocr_carea' id='block_1_9' title="bbox 240 4002 1365 4180">
    <p class='ocr_par' dir='ltr' id='par_1_10' title="bbox 240 4002 1365 4180">
     <span class='ocr_line' id='line_1_35' title="bbox 310 4002 1365 4095; baseline 0.003 -16"><span class='ocrx_word' id='word_1_302' title='bbox 310 4026 329 4092; x_wconf 90' lang='lat'><strong>¹)</strong></span> <span class='ocrx_word' id='word_1_303' title='bbox 348 4025 391 4080; x_wconf 82' lang='lat' dir='ltr'><strong>Ex</strong></span> <span class='ocrx_word' id='word_1_304' title='bbox 404 4025 606 4081; x_wconf 83' lang='lat' dir='ltr'><strong>emendatione</strong></span> <span class='ocrx_word' id='word_1_305' title='bbox 619 4024 790 4082; x_wconf 87' lang='lat' dir='ltr'><strong>Bueoheleri</strong></span> <span class='ocrx_word' id='word_1_306' title='bbox 808 4002 837 4081; x_wconf 85' lang='lat' dir='ltr'><strong>in</strong></span> <span class='ocrx_word' id='word_1_307' title='bbox 856 4025 1109 4092; x_wconf 70' lang='lat' dir='ltr'><strong>mathemati,</strong></span> <span class='ocrx_word' id='word_1_308' title='bbox 1128 4031 1179 4082; x_wconf 78' lang='lat' dir='ltr'><strong>tto</strong></span> <span class='ocrx_word' id='word_1_309' title='bbox 1197 4025 1245 4095; x_wconf 87' lang='lat' dir='ltr'><strong>qui</strong></span> <span class='ocrx_word' id='word_1_310' title='bbox 1258 4024 1365 4094; x_wconf 86' lang='lat' dir='ltr'><strong>primns</strong></span> 
     </span>
     <span class='ocr_line' id='line_1_36' title="bbox 240 4109 804 4180; baseline 0.005 -16"><span class='ocrx_word' id='word_1_311' title='bbox 240 4109 309 4168; x_wconf 86' lang='lat' dir='ltr'><strong>haee</strong></span> <span class='ocrx_word' id='word_1_312' title='bbox 327 4111 512 4167; x_wconf 79' lang='lat' dir='ltr'><strong>verberante</strong></span> <span class='ocrx_word' id='word_1_313' title='bbox 530 4111 734 4180; x_wconf 87' lang='lat' dir='ltr'><strong>interpretatus</strong></span> <span class='ocrx_word' id='word_1_314' title='bbox 753 4118 804 4167; x_wconf 90' lang='lat' dir='ltr'><strong>est.</strong></span> 
     </span>
    </p>
   </div>
   <div class='ocr_carea' id='block_1_10' title="bbox 1178 4197 1211 4252">
    <p class='ocr_par' dir='ltr' id='par_1_11' title="bbox 1178 4197 1211 4252">
     <span class='ocr_line' id='line_1_37' title="bbox 1178 4197 1211 4252; baseline 0 -26"><span class='ocrx_word' id='word_1_315' title='bbox 1178 4197 1211 4252; x_wconf 65' lang='lat'><strong>4*</strong></span> 
     </span>
    </p>
   </div>
   <div class='ocr_carea' id='block_1_11' title="bbox 0 0 1616 4734">
    <p class='ocr_par' dir='ltr' id='par_1_12' title="bbox 0 0 1616 4734">
     <span class='ocr_line' id='line_1_38' title="bbox 0 0 1616 4734; baseline 0 2"><span class='ocrx_word' id='word_1_316' title='bbox 0 0 1616 4734; x_wconf 95' lang='lat' dir='ltr'><strong> </strong></span> 
     </span>
    </p>
   </div>
  </div>
 </body>
</html>
