3224 4734
720 347 928 408 ,pg-

262 531 290 578 v.
314 515 390 578 8¹93:
407 511 477 596 „ita
499 533 551 579 me
573 513 787 581 ..Minerva
805 567 813 585 .
832 514 947 598 amet‚“
969 515 1181 580 conferendus
1198 520 1248 608 est
1262 519 1387 582 tantum

262 614 327 680 Mil.
351 615 429 698 glor.
443 635 480 682 r.
503 617 564 680 691
590 635 650 699 sq.,
682 615 736 680 ubi
757 615 1040 702 Peripleoomenus
1068 636 1139 682 oum
1168 617 1209 683 de
1237 617 1330 684 bonis
1352 624 1386 684 et

261 717 356 782 malis
387 717 540 783 uxoribus
572 717 683 803 [multa
714 717 854 784 disserat
872 719 1000 814 'harum
1032 719 1196 804 quandam
1227 720 1387 788 dicentem

262 819 351 885 saeit:
385 821 456 901 „Da
478 819 558 886 mihi
581 821 630 885 vir
653 820 805 887 Calendis
828 838 934 908 meam
965 823 1020 906 qui
1052 827 1187 888 matrem
1213 843 1388 908 muneram,

262 925 314 987 Da
345 921 400 1006 qui
432 922 551 988 iaoiam
582 923 802 1009 eondimenta,
834 925 876 990 da
908 925 994 1009 quod
1025 924 1098 992 dem
1121 925 1386 1010 quinquatribus

260 1026 479 1092 Praeoantriei
510 1025 693 1092 o‘onieotriei
722 1027 893 1108 hariolae¹)
931 1033 1029 1113 atque
1065 1027 1268 1114 haruspioae,
1305 1031 1386 1096 Tum

260 1127 461 1214 plieatrioem
484 1129 656 1194 elementer
677 1149 741 1196 non
763 1136 870 1218 potest
892 1132 968 1216 quin
991 1151 1156 1197 muneram
1180 1151 1238 1216 eqs
1241 1181 1365 1199 .....
1370 1138 1382 1168 ¹⁴

262 1249 347 1316 quae
368 1233 469 1299 verba
491 1238 527 1298 ut
549 1233 663 1319 opinor
685 1234 845 1318 quomodo
869 1233 921 1299 hio
944 1232 1015 1300 dies
1031 1234 1281 1319 quinquatruum
1305 1221 1385 1302 oele'·
1463 1253 1467 1260 ·

262 1335 372 1399 bratus
395 1333 436 1398 sit
458 1333 580 1421 optime
603 1335 796 1422 significant,
832 1357 1028 1421 quamquam
1050 1337 1137 1402 haud
1160 1337 1282 1403 insulse
1305 1357 1388 1406 eom-

261 1441 416 1522 parantur
438 1457 458 1502 a
481 1437 648 1505 Lobeokio
670 1439 704 1504 in
726 1439 942 1525 Aglaophami
965 1462 997 1525 p.
1021 1439 1102 1504 1039
1126 1459 1198 1505 oum
1218 1441 1387 1507 Menandri
1467 1505 1471 1514 ,

259 1539 331 1606 looo
355 1538 410 1605 illo
434 1559 497 1624 quo
520 1540 654 1606 maritus
676 1539 795 1624 aliquis
821 1541 982 1607 induoitur
1006 1531 1190 1624 ἀχθόμενος
1213 1545 1288 1621 ταῖς
1310 1540 1388 1629 περὶ

259 1635 319 1719 τὰς
347 1633 473 1720 θυσίας
501 1643 566 1708 τῶν
594 1643 755 1730 γυναικῶν
785 1636 998 1728 δαπάναιςςῖ)
1031 1645 1089 1712 sed
1120 1665 1315 1729 quamquam
1346 1667 1388 1712 ex

261 1745 380 1812 Graeoi
411 1735 579 1838 cuiusdam
595 1745 713 1833 poetae
734 1747 847 1814 fabula
869 1749 1026 1813 translata
1047 1767 1089 1813 ea
1111 1767 1271 1814 essenon
1301 1756 1387 1836 puto,

261 1848 382 1934 quippe
406 1868 491 1931 quae
512 1849 609 1915 nimis
630 1848 674 1915 ad
695 1850 859 1916 Romanos
881 1869 986 1916 mores
1002 1849 1169 1934 aooedant,
1190 1854 1298 1916 tamen
1314 1868 1388 1917 oon·

179 2027 182 2034 ,
260 1951 349 2034 pedo,
372 1951 520 2017 Plautum
536 1952 704 2019 Menandri
718 1952 789 2018 loeo
812 1945 1081 2038 permotum'esse
1095 1943 1202 2038 posse,
1225 1959 1259 2018 ut
1273 1973 1387 2020 versus

259 2054 335 2120 illos
355 2053 402 2124 ita
424 2055 591 2141 seriber·et;
615 2056 652 2122 of.
676 2055 847 2139 sequentia
861 2055 962 2122 verba
982 2055 1152 2122 Lobeohii:
1175 2057 1242 2140 „Ao
1265 2057 1387 2124 Romae

260 2176 387 2240 quoque
413 2155 494 2242 ipsis
517 2157 624 2224 Plauti
646 2157 844 2244 temporibus
867 2161 899 2224 et
926 2157 1016 2242 prius
1044 2157 1161 2224 multos
1184 2158 1297 2242 fuisse,
1329 2159 1384 2243 qui

258 2278 316 2345 per
337 2259 481 2344 aliquam
504 2259 668 2344 religionis
691 2260 929 2327 simulationem
951 2260 1105 2326 alimenta
1127 2261 1263 2326 inertiae
1287 2281 1384 2345 quae·

258 2367 365 2427 rereut
387 2362 503 2428 dooent
525 2363 608 2428 linui
631 2383 745 2430 versus
767 2362 959 2430 nobilissimi
983 2361 1086 2450 (apud
1116 2363 1332 2430 Ribbeokiuru
1355 2385 1385 2449 p.

259 2466 302 2529 44
324 2467 385 2550 sq.)
408 2470 441 2532 et
463 2465 596 2533 Catonis
618 2467 751 2533 orebrae
774 2466 1010 2532 admonitiones
1033 2465 1074 2532 de
1096 2487 1120 2530 r.
1136 2456 1169 2530 r.
1194 2487 1221 2532 o.
1245 2466 1272 2532 5.
1297 2467 1363 2531 13.“

347 2567 412 2636 Sed
434 2569 477 2634 ad
500 2569 682 2654 Apollinem
705 2569 867 2635 venimus:
890 2570 923 2634 in
946 2567 1063 2635 Baooh.
1085 2589 1115 2634 r.
1144 2569 1204 2634 172
1232 2589 1279 2653 sq.
1304 2569 1385 2635 haee

261 2670 363 2736 verba
377 2673 527 2756 leguntur
542 2671 682 2738 Ornsali:
704 2671 820 2756 „Erilis
836 2671 942 2756 patria
958 2671 1050 2736 salve
1068 2691 1165 2755 quam
1181 2691 1241 2756 ego
1257 2671 1385 2737 biennio

262 2774 438 2858 Postquam
471 2774 546 2840 hino
577 2774 610 2839 iu
632 2773 797 2859 Ephesum
820 2773 887 2839 abii
920 2773 1085 2859 oonspioio
1113 2773 1241 2856 lubens,
1273 2773 1385 2839 Saluto

259 2882 292 2941 te
312 2875 418 2943 rioine
433 2877 556 2960 Apollo,
573 2875 628 2960 qui
643 2875 779 2942 aedibus
794 2876 998 2960 Propinquus
1014 2875 1133 2941 nostris
1148 2873 1268 2940 aooolis
1290 2895 1386 2942 rene·

260 2985 415 3062 roqueta
439 2981 531 3063 eqs.,“
555 2998 617 3064 quo
641 2999 682 3046 ex
713 2997 808 3046 versu
831 2979 1028 3046 Ritsohelius
1055 2997 1154 3044 rerss.
1196 2976 1387 3070 Mercatoris

261 3081 323 3146 675
355 3100 401 3164 sq.
433 3081 465 3147 in
497 3081 662 3147 eodieibus
693 3080 807 3146 mutilo
837 3081 972 3149 traditos
1004 3081 1051 3146 sio
1082 3079 1260 3166 supplevit:
1300 3078 1387 3164 (sunt

258 3182 360 3249 verba
390 3183 570 3270 Dorippae)
601 3183 753 3268 „Aliquid
785 3182 864 3248 aedo
893 3183 953 3262 oui
992 3183 1089 3249 vieini
1126 3182 1209 3248 hano
1244 3187 1386 3247 nostram

259 3307 398 3370 augeam
421 3307 512 3352 aram
528 3285 698 3371 Apollinis.
731 3286 783 3351 Da
798 3305 877 3352 sane
892 3287 975 3352 hano
991 3285 1115 3368 virgam
1130 3283 1266 3368 lauri.“³)
1298 3285 1386 3350 Haeo

264 3371 461 3455 consuetudo
483 3395 559 3456 aute
580 3389 668 3456 fores
691 3409 780 3454 aram
803 3389 962 3474 Apollinis
985 3388 1146 3454 statuendi
1176 3405 1313 3470 eumque
1341 3385 1386 3452 ibi

262 3529 468 3538 -—-.—....-.-.

327 3597 346 3662 ¹)
364 3592 445 3649 Kooh
462 3593 492 3647 in
509 3611 581 3650 mus.
599 3591 676 3648 rhen.
696 3592 750 3648 rol.
769 3599 810 3650 25.
835 3611 862 3662 p.
883 3599 931 3648 om
952 3593 1050 3646 eontra
1067 3589 1203 3646 librorum
1226 3589 1310 3645 fidem
1327 3606 1383 3645 uon

262 3679 334 3734 bone
354 3678 488 3734 coniecit:
507 3679 666 3744 „fariolae.“

328 3767 349 3832 ²)
370 3764 412 3820 cf.
430 3762 595 3835 Epicharmi
621 3763 693 3818 illud
711 3764 791 3832 (Poll.
811 3762 859 3818 IX.
878 3762 936 3832 82):
964 3754 1077 3836 ,ὥσπερ
1104 3761 1134 3818 αἱ
1164 3763 1291 3836 πονηραὶ
1315 3759 1385 3832 μα’ν-

262 3869 321 3916 τιες
345 3846 400 3906 αἵθΒ
432 3846 629 3920 ἰπονὲμονται
656 3857 794 3923 γυναῖκας
816 3845 925 3922 μωράς,
955 3847 984 3904 ai
1010 3847 1065 3918 μὲν
1092 3844 1211 3920 οὒγκίαν
1238 3845 1384 3922 ἀργυρίου,

263 3933 294 3992 αὶ
313 3935 344 3992 δὲ
370 3932 534 4010 ἡμίλιτρον,
561 3938 608 3993 ταὶ
626 3934 656 3992 δέ
674 3931 947 4009 11τραν’δεχόμεναι
965 3936 1015 3989 καὶ
1033 3930 1066 3988 roi
1096 3931 1190 3990 πάντα
1209 3931 1386 4005 prasiorum.

332 4021 353 4091 ³)
372 4019 470 4076 Lectio
498 4038 583 4088 quam
610 4021 725 4076 exhibet
738 4019 872 4076 Gaetuius
891 4020 920 4072 in
932 4036 1006 4073 nova
1028 4017 1151 4074 editione
1163 4016 1326 4074 Mercatoris
1350 4017 1384 4070 de

262 4122 373 4161 summa
389 4105 430 4160 rei
447 4105 519 4160 nihil
536 4107 635 4162 mutat.
