3224 4734
690 403 732 418 -.
776 345 900 430 aa'·-
956 457 961 466 ὓ

148 569 151 574 -
231 535 407 614 venerandi
422 554 494 600 oum
510 555 530 598 a
544 535 758 605 Romanorum
773 536 836 602 ritu
847 525 1059 617 alienissima,
1073 537 1161 622 apud
1182 537 1353 620 Graecos)

231 637 442 702 usitatissima
473 641 560 703 esset
587 637 677 703 iuvat
699 658 887 724 comparare
911 659 995 722 quoe
1023 639 1206 714 Macrobius
1234 640 1267 704 in
1290 639 1355 718 Sat.

230 738 251 804 l.
275 737 300 805 I.
324 741 352 823 9,
376 741 394 804 6
417 739 528 828 tradit:
556 787 583 824 „.
607 788 614 806 .
637 741 796 806 .·Eteuim
819 741 902 807 sieut
924 739 1075 824 Nigidius
1098 728 1241 825 quoquev
1257 741 1356 808 refert

230 841 318 926 apud
341 841 486 908 Graeeos
506 842 623 928 Apollo
652 842 766 909 oolitur
797 843 853 926 qui
883 845 1025 930 θυραῖος
1055 850 1190 911 vooatur
1221 844 1356 929 eiusque

229 963 305 1008 aras
336 950 411 1010 aute
441 944 528 1010 fores
559 965 637 1010 suas
668 946 847 1031 celebrant,
878 946 986 1032 ipsum
1018 948 1125 1012 exitus
1148 953 1180 1014 et
1206 940 1355 1014 introitus

229 1045 485 1114 demonstrantes
516 1052 688 1132 potentem.
732 1048 823 1115 Idem
852 1050 968 1134 Apollo
1002 1049 1090 1136 apud
1121 1050 1196 1116 illos
1228 1038 1357 1135 dyvrodg

229 1151 482 1234 nuncupabatur,
505 1151 599 1235 quasi
621 1151 684 1216 viis
706 1153 911 1238 praepositus
933 1153 1078 1239 urbanis3
1105 1153 1153 1219 illi
1176 1152 1262 1219 enim
1283 1153 1374 1226 rias¹

229 1271 312 1334 quae
342 1252 427 1326 intra
457 1253 604 1338 pomeria
626 1259 699 1319 sunt
729 1243 846 1341 ἀγυιὰς
876 1256 1055 1341 appellant;
1087 1256 1146 1321 sed
1178 1256 1264 1342 apud
1296 1276 1355 1321 nos
1437 1288 1441 1299 ·

229 1353 342 1419 Ianum
365 1355 512 1422 omnibus
535 1376 689 1440 praeesse
711 1357 817 1424 ianuis
840 1377 957 1426 nomen
973 1358 1123 1442 ostendit
1147 1359 1233 1441 quod
1250 1358 1354 1444 simile

234 1451 379 1543 Θνραίῳ,·
396 1462 477 1528 'nam
500 1463 532 1525 et
555 1479 625 1524 oum
641 1459 725 1524 olavi
748 1464 780 1526 et
801 1461 894 1543 virga
915 1459 1069 1544 figuratur
1093 1461 1187 1545 quasi
1214 1461 1355 1526 omnium

229 1564 261 1624 et
283 1567 448 1644 portarum
471 1567 581 1628 eustos
604 1566 636 1627 et
657 1566 764 1626 nestor
785 1562 926 1646 viarum3
959 1563 1181 1648 pronuntiavit
1202 1561 1354 1647 Nigidius

229 1663 410 1746 Apollinem
434 1665 548 1728 lanum
571 1683 645 1730 esse
668 1683 733 1748 eqs.
757 1663 785 1727 .“
817 1664 897 1730 Cum
912 1665 1058 1731 Romano
1074 1665 1173 1748 igitur
1191 1685 1251 1731 usu
1274 1665 1355 1732 illud

227 1783 291 1830 non
306 1765 470 1850 oongruit;
487 1765 585 1832 Ianus
601 1765 671 1853 ipse
687 1785 708 1832 a
723 1768 837 1834 Plauto
847 1788 1010 1850 nunquam
1020 1775 1299 1837 commemoratur.
1310 1805 1351 1815 -

230 1868 267 1932 In
290 1864 386 1934 Mero.
408 1887 437 1933 u.
461 1869 643 1936 sus-680:
666 1869 801 1954 „Apollo
818 1889 941 1952 quaeso
964 1874 997 1936 te
1019 1873 1054 1936 ut
1069 1869 1128 1936 des
1142 1890 1259 1956 paoem
1282 1891 1355 1955 pro-

227 1970 326 2056 pitius
358 1971 502 2037 Salutem
535 1977 567 2038 et
597 1972 771 2038 sanitatem
805 1979 937 2039 nostrae
975 1973 1120 2042 familiae
1151 1974 1287 2057 Meoque
1319 1979 1354 2039 ut

228 2093 343 2158 pareas
365 2074 480 2158 gnato“
501 2072 618 2160 Apollo
642 2078 692 2141 est
723 2074 868 2142 medieus
894 2075 1027 2142 divinus
1054 2075 1109 2166 qui
1138 2076 1246 2142 omnia
1269 2077 1355 2142 mala
1436 2121 1439 2126 ·

226 2178 420 2260 morbosque
434 2177 580 2262 aspellit.
597 2189 714 2243 revera
730 2178 980 2262 ΑΠΕΛΛΩΝ,
1005 2199 1070 2262 qua
1090 2178 1229 2244 nominis
1250 2179 1353 2244 forma

226 2281 362 2345 Romani
393 2279 477 2352 hune
512 2280 608 2345 deum
639 2299 660 2344 a
692 2280 827 2347 Graeeis
863 2287 1081 2365 suseeperunt.
1134 2279 1354 2366 Lepidissima
1441 2313 1445 2320 ·

187 2377 191 2386 ’
226 2389 334 2450 autem
365 2387 414 2449 est
440 2382 643 2448 illa-›soaena
669 2383 752 2449 Men.
788 2385 972 2450 831-srlz
1004 2383 1233 2450 Menaechmus
1256 2384 1285 2448 Π
1306 2383 1381 2449 in··

226 2506 340 2553 sanum
372 2506 406 2551 se
438 2505 510 2551 esse
541 2485 697 2551 simulans
728 2485 837 2550 omnia
859 2505 943 2569 quae
965 2486 1099 2551 insanus
1131 2487 1210 2552 fauit
1241 2486 1352 2552 faeere

225 2589 347 2654 iussum
369 2607 405 2654 se
427 2609 500 2655 esse
522 2587 687 2674 profitetur
710 2588 839 2654 oraoulo
862 2588 916 2653 dei
934 2588 1102 2674 Apollinis,
1126 2589 1211 2671 quod
1234 2589 1348 2673 quanti

225 2692 429 2759 aestimatum
458 2691 502 2756 sit
532 2712 552 2757 a
583 2693 736 2758 Romanis
769 2692 1058 2775 e'l'arquiniorum
1089 2692 1225 2760 historia
1257 2711 1352 2758 nemo
1428 2691 1433 2705 ’

226 2795 337 2877 uesait,
359 2796 405 2859 ita
426 2799 461 2858 ut
476 2800 675 2880 spectatores
698 2794 928 2879 quoquehaee
944 2795 1044 2860 verba
1059 2794 1129 2860 sine
1145 2795 1242 2860 dubio
1267 2815 1353 2860 eom·
1396 2872 1399 2881 Ι
1498 2879 1503 2891 .
1575 2865 1578 2872 ,

152 2961 157 2972 ,
227 2891 427 2982 prehendere
449 2903 594 2983 possent3
616 2898 657 2964 ef.
680 2898 798 2970 Pseud.
823 2919 851 2964 v.
877 2898 954 2962 480:
977 2895 1090 2981 „Quod
1106 2897 1194 2963 soibo
1216 2898 1354 2982 Delphis

225 3001 283 3067 tibi
314 3017 504 3085 responsum
537 3000 674 3085 duaito,“
705 3007 737 3066 et
768 3001 868 3066 Andr.
902 3021 931 3066 v.
955 3001 1039 3065 ’698;
1072 3001 1161 3084 „Non
1193 3001 1354 3086 Apollinis

117 3129 120 3132 ·
193 3087 197 3096 ’
229 3103 331 3187 magis
362 3123 474 3169 verum
505 3107 606 3186 atque
636 3102 697 3169 hoe
729 3104 977 3189 responsumst.“
1020 3103 1135 3169 Restat
1155 3104 1228 3170 Aul.
1262 3105 1353 3168 loous

226 3209 289 3278 394
311 3226 368 3290 sq„
389 3205 444 3271 ubi
460 3206 584 3273 Euclio:
606 3207 741 3292 „Apollo
758 3217 884 3289 quaeso
895 3206 1031 3272 subveni
1046 3205 1090 3270 mi
1105 3214 1203 3289 atque
1225 3200 1355 3294 adiuva,

227 3309 359 3392 Confige
382 3309 495 3392 sagitis
517 3307 606 3374 fures
629 3308 880 3376 ,thensaurarios
913 3309 967 3392 qui
999 3309 1031 3372 in
1052 3329 1087 3374 re
1110 3309 1167 3373 tali
1190 3309 1265 3374 aliis
1286 3306 1351 3373 iam

226 3411 402 3478 subvenisti
426 3411 606 3478 antidhae.“
649 3411 818 3478 Pertinent
839 3410 919 3478 haee
942 3411 1043 3477 verba
1066 3411 1100 3476 id
1132 3409 1218 3495 quod
1240 3411 1353 3478 Kiess-
1457 3449 1462 3456 ·
1512 3431 1516 3438 ·

213 3505 292 3598 'ling
322 3515 443 3600 primus
466 3513 575 3578 docuit
596 3513 630 3578 in
651 3535 731 3581 mus.
760 3514 847 3582 rhen.
873 3513 936 3580 uol.
960 3517 1000 3579 23
1029 3535 1059 3599 p.
1089 3515 1152 3579 215
1179 3513 1353 3579 admotam
1430 3601 1435 3612 ,

225 3617 314 3682 illam
338 3615 555 3701 praesentiam
580 3616 748 3701 Apollinis,
781 3616 835 3700 qui
858 3636 930 3681 eum
953 3615 1066 3682 Celtae
1095 3635 1233 3702 rapnees
1264 3637 1349 3682 anno

295 3856 314 3924 ¹)
334 3855 375 3910 cf.
395 3854 489 3910 Sohol.
517 3854 602 3909 Arist.
630 3854 717 3924 Vesp.
745 3873 770 3909 v.
789 3861 852 3910 857:
879 3845 936 3926 πρὸ
965 3861 1022 3912 τῶν
1049 3853 1148 3920 θυρῶν
1175 3847 1245 3920 ἔθος
1273 3849 1353 3927 εἶχον

225 3944 326 4008 κίονας
345 3940 384 4007 εἰς
402 3937 454 4008 ὀξὺ
473 3940 615 4014 λήγοιτας
634 3936 672 4006 ὡς
691 3937 864 4013 ὀβελίσκους
883 3937 991 4012 ὶδρύειν
1013 3933 1354 4010 εἶς·τιμὴνἈπόλλωνος
1390 3996 1394 4005 ,

215 4021 355 4101 ἀ’γυὶεως.
394 4027 478 4096 Vesp.
497 4035 559 4081 857:
574 4017 615 4082 Ὦ
636 4022 750 4092 δέσποτ’,
769 4022 851 4094 ἄναξ,
870 4033 967 4098 γεῖτον
977 4021 1086 4096 ἀγυιεῦ,
1105 4019 1215 4094 τούμοῦ
1239 4024 1371 4098 repoliri,
1437 4065 1440 4072 ·

172 4161 177 4168 .
226 4134 278 4186 pov
290 4113 459 4186 προπύλαιε.
487 4110 527 4166 Cf.
547 4113 660 4167 Thesm.
677 4119 736 4166 489.
