3224 4734
5 4219 8 4288 l

26 4465 33 4518 r'

40 4527 61 4564 θ’
82 4575 93 4588 v.

5 4289 171 4700 kae

641 301 887 408 v--ed-

219 513 341 580 avihus
363 511 602 600 Stymphalide·
615 523 688 578 oum
706 513 838 579 -Ant'aeo
859 513 1019 580 delu‘etari
1040 511 1219 600 mavelim1)
1242 514 1346 594 Quam
1452 551 1455 557 -

225 636 299 682 aum
322 617 438 682 Amore
460 664 469 682 .
491 666 498 682 .
520 620 546 683 .“
573 614 743 683 dioendum
767 615 845 683 mihi
868 621 918 683 est
945 617 986 683 de
1008 617 1158 684 Hereulis
1182 615 1347 682 laboribus
1441 701 1446 710 ι

228 739 309 803 quos
333 718 360 784 si
384 724 579 785 sextantum
596 725 823 785 commemorat
838 720 981 804 Plautus,
1005 720 1169 804 quaeritur
1190 739 1266 785 num
1288 720 1347 786 hos

222 841 297 888 ‘sen
310 822 420 890 omn'es
443 822 593 889 Heroulis
610 821 745 888 labores
760 821 863 889 fuisse
877 822 1075 910 putaverit.²)
1108 822 1202 902 Quod
1224 843 1265 888 ex
1287 822 1348 890 hoo

229 926 297 994 solo
319 925 392 1000 loeo
422 926 595 993 diiudicari
625 926 751 1010 nequit,
782 945 853 992 oum
882 925 1008 992 etiamsi
1034 926 1068 992 in
1099 945 1195 993 versu
1217 929 1236 992 2
1260 925 1348 994 dioit:

232 1028 415 1116 ,superavit
447 1047 617 1095 aerumnas
650 1048 777 1095 omnes
811 1028 960 1094 Herouli“
998 1035 1106 1095 tamen
1140 1029 1348 1113 sequentibus

229 1129 377 1199 versibus
401 1151 458 1198 eas
474 1132 593 1215 eligere
608 1131 756 1217 potuerit,
771 1151 855 1215 quae
871 1131 932 1197 sibi
947 1131 1087 1198 maxime
1102 1131 1244 1216 insignes
1259 1133 1350 1199 vide-

228 1241 354 1302 rentur..
393 1234 608 1302 Verisimilius
631 1255 708 1301 vero
731 1235 812 1302 illud
834 1235 868 1300 fit
890 1235 1072 1318 legentibus
1098 1235 1193 1303 nohis
1220 1235 1349 1302 versum

229 1338 356 1426 Epidioi
373 1341 444 1422 179,
460 1358 522 1422 quo
540 1338 741 1425 Periphanes
757 1339 797 1404 de
812 1341 913 1405 uxore
928 1358 987 1404 sua
1002 1357 1153 1422 querens:
1174 1339 1349 1419 ,Hercules

229 1462 289 1526 ego
310 1443 366 1526 fui,
388 1443 464 1508 dum
490 1442 548 1508 illa
570 1462 697 1510 meeum
717 1442 793 1509 fnit:
824 1443 939 1538 Neque
966 1447 1060 1508 sexta
1086 1461 1240 1508 aerumna
1263 1461 1350 1508 aner-

219 1544 299 1611 =bior
321 1544 452 1612 Herouli
475 1566 572 1630 quarn
596 1547 640 1611 mi
662 1545 722 1611 illa
744 1544 933 1612 obieetast.“
967 1546 1051 1610 Nam
1075 1544 1162 1630 quod
1184 1543 1350 1628 Kiessling

219 1649 262 1714 ·in'
285 1669 364 1716 mus.
385 1650 475 1717 rhen.
498 1650 561 1717 vol.
583 1653 627 1716 23
647 1655 677 1736 p.
699 1649 763 1714 418
787 1655 912 1714 sextam
928 1669 1115 1714 aerumnam
1131 1668 1195 1715 non
1210 1648 1350 1714 referen-

229 1750 306 1817 dam
329 1772 403 1820 esse
426 1754 553 1838 putavit
575 1753 619 1819 ad
641 1754 849 1840 Hippolytae¹
863 1754 1024 1838 cingulum
1047 1754 1100 1840 (of.
1122 1755 1205 1820 Men.
1221 1772 1250 1819 v.
1266 1752 1351 1838 200),
1462 1815 1465 1822 .

219 1855 287 1922 sed
310 1855 352 1922 ad
376 1857 549 1925 Cerberum
573 1879 591 1924 e
614 1863 735 1924 tartaro
759 1856 947 1924 arcessitum
970 1857 1023 1922 vel
1045 1856 1089 1922 ad
1104 1853 1251 1942 hydram,
1274 1877 1351 1941 qua·

230 1979 301 2024 eum
324 1965 422 2044 poeta
443 1959 517 2026 aliis
541 1979 669 2045 quoque
693 1958 772 2026 loeis
795 1962 947 2043 ooniuges
974 1959 1194 2025 intolerandas
1222 1979 1351 2046 compa

229 2066 324 2148 naret,
345 2063 394 2150 (ut
416 2063 467 2129 Ps.
491 2083 521 2128 v.
544 2063 616 2149 218,
633 2061 711 2130 Cas.
733 2083 762 2130 r.
785 2066 815 2128 3.
837 2064 867 2130 5.
885 2063 940 2147 18)
954 2062 1038 2136 hano
1052 2059 1351 2148 interpretationem

219 2186 293 2233 non
315 2161 533 2233 neeessariam
556 2167 642 2252 dioo;
666 2165 725 2233 sed
749 2172 841 2233 sexto
857 2165 967 2233 labore
983 2165 1195 2250 g1·avissimus
1211 2166 1351 2232 omnium

231 2268 448 2353 significatur,
475 2270 561 2354 quod
583 2268 664 2337 nihil
686 2270 791 2335 mains
813 2269 932 2335 malum
956 2268 998 2335 sit
1019 2288 1117 2352 quam
1139 2263 1220 2335 uxo'r
1243 2269 1353 2337 rixosa

232 2370 476 2458 et-importuna.
521 2372 573 2438 Ad
595 2393 653 2440 sex
684 2373 759 2439 illos
791 2372 921 2440 labores
948 2373 1060 2439 fabula
1092 2372 1132 2437 de
1156 2372 1353 2460 Hippolytae
1413 2367 1416 2374 ’

231 2474 361 2558 oingnlo
384 2474 522 2560 eooedit,
552 2496 649 2561 quam
673 2476 806 2544 Plautus
829 2485 863 2541 ut
886 2474 1013 2541 videtur·
1034 2474 1150 2540 nesoiit
1172 2495 1193 2540 a
1216 2476 1352 2544 Graecis

231 2577 264 2642 in
294 2595 462 2644 numerum
495 2577 666 2645 duodecim
707 2597 932 2645 aerumnarum
974 2578 1149 2664 asonptam
1186 2599 1272 2664 esse,
1311 2580 1352 2645 de

232 2679 413 2765 Hippolyta
436 2700 520 2764 quae
542 2681 585 2747 ab
607 2681 681 2747 aliis
697 2680 891 2766 Astydamia
911 2669 1049 2766 quoque
1064 2681 1292 2768 appellabatur
1314 2681 1353 2748 ef.

233 2782 338 2850 Sehol.
360 2783 456 2848 Arist.
480 2785 561 2851 Nuh.
577 2805 606 2852 v.
630 2785 721 2850 1063.
752 2785 867 2868 Neque
883 2803 959 2850 vero
975 2785 1067 2850 deest
1082 2785 1236 2851 Heroules
1251 2785 1353 2850 elavis
1420 2865 1422 2870 ,

232 2885 405 2953 instruetur
427 2887 460 2952 in
483 2886 563 2953 Rud.
586 2907 615 2956 v.
638 2888 700 2954 821
724 2906 770 2970 sq.
799 2887 877 2971 ,llu,
900 2885 1008 2954 herule
1030 2907 1073 2954 ne
1093 2887 1174 2952 istie
1188 2886 1266 2952 fana
1288 2907 1354 2953 mu·

233 2993 342 3054 tantur
364 2989 440 3055 nito:
464 2989 532 3056 Hoo
548 2990 710 3056 Hereulist
732 2990 796 3055 iam
811 2990 947 3056 Veneris
969 2991 1080 3057 fanum
1103 2989 1190 3073 quod
1212 2981 1286 3055 fuiti
1304 2991 1354 3056 Ita
1433 3061 1435 3068 .

235 3093 298 3158 duo
321 3091 469 3159 destituit
491 3092 583 3176 signa
598 3092 650 3158 hio
673 3113 744 3160 oum
768 3094 868 3160 olavis
891 3097 1017 3160 senex.“
1053 3091 1124 3171 Qua
1139 3093 1179 3159 de
1194 3113 1229 3159 re
1245 3093 1354 3160 eonfer

234 3194 372 3262 Prelleri
396 3194 497 3281 myth.
521 3197 611 3261 Rom.
641 3218 673 3282 p.
695 3197 761 3264 650
782 3216 853 3262 oum
876 3195 949 3264 adn.
973 3195 999 3262 1.
1045 3197 1082 3261 111
1100 3189 1247 3262 'Mostell
1277 3216 1353 3261 vero

234 3317 332 3364 versu
363 3299 440 3383 528,
471 3298 633 3384 (Tranio):
668 3295 1021 3378 ,He1·euleminroea.“
1069 3297 1355 3386 (Theopropides):

237 3401 422 3486 ,Heroulea
443 3406 477 3468 te
499 3421 561 3486 ego
583 3403 724 3487 invoeo,“
746 3403 902 3470 Hercules
925 3409 975 3469 est
990 3401 1149 3468 Salutaris
1171 3402 1223 3468 vel
1237 3402 1354 3468 Defen-

235 3524 296 3589 sor,
319 3504 466 3572 Graeous
485 3493 703 3588 litationem,
727 3504 767 3571 de
792 3525 854 3590 quo
876 3504 952 3570 vido
975 3504 1105 3572 Preller.
1127 3526 1158 3591 p.
1178 3505 1251 3572 655.

320 3607 387 3675 Sed
409 3608 475 3675 alia
494 3607 617 3676 sabella
633 3610 676 3675 ed
691 3609 861 3676 Heroulem
884 3608 990 3693 ipsum
1016 3599 1166 3692 spectans
1189 3608 1223 3674 in
1238 3607 1355 3677 Baooh.

236 3730 263 3776 v.
289 3709 349 3778 155
372 3711 465 3777 nohis
488 3711 639 3778 ooourrit:
661 3711 746 3778 Pist:
768 3707 890 3796 „Fiam
913 3719 948 3776 ut
963 3731 1023 3794 ego
1047 3706 1169 3794 opinor,
1192 3710 1355 3794 lleronles,

236 3821 270 3878 tu
291 3819 401 3879 autem
423 3814 549 3880 Linus.“
591 3814 682 3881 Lud.:
703 3815 780 3900 „Pol
804 3820 909 3880 metuo
933 3813 1101 3898 magisne
1124 3811 1271 3880 Phoenix
1293 3814 1356 3879 tuis
1381 3809 1383 3814 ’

311 4072 330 4143 ¹)
348 4071 389 4126 Ex
408 4069 604 4127 emendatione
623 4069 674 4124 Th.
693 4067 825 4140 Bergkii:
844 4069 929 4125 Beitr.
949 4087 997 4124 aur
1015 4069 1062 4123 lat.
1082 4068 1128 4124 Gr.
1147 4089 1175 4139 p.
1193 4078 1235 4127 41.

306 4161 328 4228 ²)
339 4159 431 4228 ‚Apud
450 4157 573 4212 Graecos
590 4171 722 4210 numerus
740 4155 822 4211 valde
841 4154 1016 4210 fluctuabat*
