3224 4734
685 400 875 460 ..4..

215 565 295 631 nihil
318 565 388 632 fere
408 564 505 631 aliud·
523 564 703 649 significent
725 586 821 649 quam
846 585 958 632 cenam
982 585 1122 652 saeram;
1145 567 1184 634 ei
1204 566 1286 632 Ruri.
1308 587 1338 632 v.

215 663 278 734 342
301 688 347 752 sq.
494 665 497 674 ⁴
726 691 728 696 ⁴
1212 749 1214 756 Α

301 765 397 855 Apud
420 770 562 836 Graeeos
594 791 721 855 queque
754 763 925 856 σπλάγχνα
952 771 1113 858 duplieem
1140 771 1336 838 intellectum

215 872 350 938 habent:
371 873 405 939 in
428 873 602 958 Eupolidis
621 873 731 939 fabula
754 875 892 956 quadarn
910 866 1048 960 (Δήμοις
1068 875 1167 941 XXII
1183 875 1279 941 Mein.
1302 896 1331 958 p.

218 971 306 1060 1³70):
336 969 393 1056 „uri
418 970 554 1057 χαλκίον
583 973 743 1061 θέρμαινο
768 965 877 1064 άὴμῖν
905 974 964 1041 καὶ
990 969 1058 1064 θύη
1092 973 1225 1042 πέττειν
1262 966 1339 1054 τινά

214 1067 328 1160 κέλευ’,
354 1077 409 1143 ἵνα
432 1073 649 1164 σπλάγχνοισι
665 1072 924 1166 σογγενιάμιθα,“
939 1070 1108 1166 σπλάγχνα
1125 1100 1239 1146 earnes
1262 1086 1336 1145 sunt

216 1185 299 1264 quae
322 1182 471 1267 eduntur3
495 1182 542 1247 sie
567 1183 800 1267 Aristophanes
824 1203 952 1267 queque
975 1184 1008 1248 in
1031 1184 1135 1268 Equit.
1158 1205 1188 1249 v.
1203 1185 1265 1248 409
1290 1203 1335 1266 sq.

214 1282 304 1349 dieit:
327 1273 438 1364 „eiiam
454 1273 491 1367 μ’
508 1273 740 1370 ὑπερβαλεῖσά
758 1275 911 1372 ἀναιδείᾳ
925 1279 972 1368 μοὶ
989 1279 1045 1350 τὸν
1064 1285 1226 1366 Ποσειδῶ,
1249 1274 1271 1372 ἢ
1291 1277 1337 1378 μή

214 1375 292 1450 ποτ’
327 1375 482 1472 άγοραίοο
515 1382 596 1464 Διὸς
626 1381 843 1473 σπλάγχνοισι
869 1382 1128 1475 παραγενοίμην,·
1159 1389 1199 1453 ef.
1228 1389 1285 1453 Av.
1307 1408 1345 1453 v.·

215 1489 306 1554 1524.
322 1489 395 1554 Pae.
412 1510 439 1555 v.
458 1492 549 1555 1040.
566 1492 656 1555 1092.
674 1493 765 1556 1105.
782 1493 863 1556 Plut
880 1493 975 1575 1130;
993 1492 1067 1575 quin
1084 1491 1179 1556 etiarn
1200 1491 1335 1556 verbum

120 1623 123 1632 ·
212 1589 364 1656 formavit
387 1585 618 1678 σπλαγχνεύειν
640 1629 672 1648 --
695 1585 889 1678 σπλάγχνων
916 1592 1111 1676 μεταλαβεῖν
1140 1593 1173 1656 in
1202 1591 1278 1656 Pae.
1306 1612 1335 1656 v.
1456 1656 1459 1664 ,

216 1694 297 1758 1115
326 1693 397 1779 (Ar.
430 1694 515 1780 984.)
542 1731 584 1743 -
616 1695 652 1761 In
680 1697 870 1763 Athenionis
897 1717 974 1762 vere
1002 1688 1198 1782 Σαμόθρᾳξι
1225 1715 1254 1756 v.
1284 1695 1334 1757 17.

215 1795 263 1860 18.
286 1795 392 1881 (Mein.
403 1788 787 1883 p.1165)legitnr:‚‚33ev
796 1795 844 1864 ἔτι
853 1796 911 1863 ναὶ
921 1792 1334 1887 νῦνσῶνπράιερονμεμνη-

214 1893 306 1980 μένοι
326 1893 368 1963 τοὶ
398 1892 549 1980 σπλάχνα
574 1903 643 1977 τοῖς
666 1902 798 1965 θεοῖσιν
813 1891 961 1966 ὀπτῶσιν
983 1897 1081 1988 φλογί
1105 1953 1111 1966 .
1137 1925 1157 1966 .:
1180 1901 1241 1965 hee
1264 1887 1341 1966 loeo·

213 1994 382 2086 σπλάγχνα
399 2007 471 2066 sunt
486 2009 562 2067 exta
581 2023 663 2087 quae
680 2004 730 2068 dis
746 2009 960 2069 eremantur·.“
977 2005 1012 2069 ef
1023 2004 1117 2068 Arist.
1135 2007 1193 2068 Ar.
1208 2025 1237 2068 v.
1262 2005 1333 2068 519.

299 2104 497 2170 Sacrificium
520 2106 626 2189 ipsum
648 2127 772 2171 summa
795 2106 1156 2192 religienepdiligentia,
1180 2105 1335 2170 sollieitu-

217 2206 292 2272 dine
326 2212 500 2291 peragatur
522 2228 656 2274 neeesse
679 2214 740 2293 est,
772 2216 804 2276 et
825 2210 980 2276 vitiaret
1003 2210 1135 2274 minime
1163 2208 1333 2272 eommisse

213 2310 374 2395 piaculum
398 2317 595 2376 eontraetum
618 2313 797 2378 videbatur.
830 2312 956 2390 Quanto
980 2333 1056 2378 vero
1079 2312 1191 2378 maiori
1210 2311 1332 2376 urimini

212 2413 373 2479 Romanos
396 2412 526 2480 dedisse
548 2421 708 2500 putamus,
732 2416 758 2482 si
783 2417 854 2501 quis
878 2415 988 2482 dedita
1015 2437 1116 2502 opera
1144 2414 1332 2480 saerifieium

211 2515 449 2601 interrupisset.
473 2517 636 2583 Lenonem
660 2519 765 2602 igitur,
789 2519 874 2602 quod
897 2519 1059 2585 hominurn
1081 2539 1183 2601 genus
1206 2537 1333 2602 semper

211 2624 244 2683 ut
271 2619 549 2703 perversissimum
573 2639 752 2703 omnesque
784 2640 835 2686 res
867 2624 933 2684 tam
962 2620 1130 2704 religiosas
1145 2627 1250 2703 ‘quarn
1274 2619 1332 2683 hu-

210 2740 325 2785 manas
350 2722 526 2805 neglegens
548 2729 647 2808 poeta
669 2723 832 2806 deser-ibit,
851 2759 891 2774 -⁴
905 2722 980 2789 vide
1005 2722 1093 2788 Cure.
1109 2743 1138 2788 v.
1153 2724 1253 2786 499-
1263 2723 1332 2804 511,

210 2823 262 2888 Ps.
290 2843 321 2888 v.
345 2825 419 2889 197.
447 2826 517 2891 276.
545 2826 608 2890 360
636 2845 682 2908 sq.
715 2827 785 2890 906.
817 2825 887 2897 975.
916 2826 1011 2909 1095;
1044 2825 1121 2890 Ruri.
1143 2845 1173 2889 v.
1201 2826 1261 2889 316
1286 2829 1340 2905 sq,'

208 2926 278 2989 346.
308 2925 368 2990 651
397 2946 443 3009 sq.
471 2927 589 2992 Persae
612 2948 640 2992 v,
664 2929 734 2992 244.
761 2929 832 2992 406.
855 2928 930 3012 583;
963 2929 1059 2993 Ροοο.
1082 2948 1111 2992 v.
1134 2928 1161 2991 1.
1179 2927 1205 2991 1.
1221 2929 1262 2991 30
1286 2947 1331 3008 sq.

208 3029 314 3092 4.’2.7
341 3048 386 3111 sq.
410 3065 450 3075 -
475 3029 557 3094 siin
582 3030 633 3096 Ps.
655 3051 684 3096 v.
708 3033 768 3095 265
786 3029 947 3096 dieentem
962 3030 1054 3096 faeit:
1077 3035 1170 3114 „riam
1194 3030 1221 3096 si
1237 3030 1331 3094 saeri-

207 3130 297 3196 fieem
322 3151 444 3196 summe
470 3133 538 3196 Iovi
562 3133 667 3216 Atque
689 3133 722 3197 in
745 3134 893 3199 manibus
917 3139 993 3199 exta
1021 3139 1147 3199 teneam
1177 3139 1211 3197 ut
1232 3133 1329 3217 perri-

207 3233 308 3318 eiam,
330 3233 455 3299 interea
478 3234 540 3299 loei
572 3235 606 3299 Si
628 3234 709 3298 lueri
733 3237 809 3319 quid
832 3236 937 3317 detur,
968 3235 1074 3320 potius
1097 3254 1163 3300 rem
1188 3234 1328 3297 divinam

206 3335 383 3420 deseram,“
405 3335 455 3406 his
478 3336 585 3403 verbis
607 3357 681 3403 eum
705 3339 778 3402 edie
803 3337 933 3403 deorum
957 3342 988 3402 et
1011 3336 1173 3401 hominum
1197 3334 1327 3416 dignum

209 3457 282 3504 esse
306 3438 459 3504 deelarat.
503 3439 617 3522 Neque
640 3459 716 3504 vero
739 3440 781 3505 ab
798 3439 857 3503 hee
874 3441 943 3504 loeo
959 3440 1094 3502 multum
1110 3436 1216 3502 differt
1237 3437 1327 3501 loeus

206 3539 364 3606 Peen'II.
389 3542 427 3605 12
452 3559 499 3623 sq.
725 3551 727 3556 ’

292 3641 361 3720 Quo
383 3649 528 3728 tempore
551 3663 604 3708 res
627 3642 739 3709 divina
762 3642 912 3710 faeienda
935 3643 1026 3709 sitsi
1059 3642 1252 3726 quaerimus,
1286 3661 1326 3706 ex

205 3745 318 3810 Plauto
336 3746 396 3811 hee
411 3751 557 3831 apparet,
572 3766 666 3829 qnam
684 3747 819 3830 primunr
836 3748 998 3813 hominem
1015 3747 1089 3810 huie
1110 3742 1217 3811 offieio.
1231 3747 1325 3812 satis·

206 3847 314 3914 faeere
337 3849 494 3934 deber·e.¹)
532 3849 655 3933 Siquis
678 3869 718 3914 ex
741 3851 855 3915 itinere
881 3846 1019 3932 revertit,
1041 3849 1229 3934 priusquam
1252 3869 1327 3915 suos

206 3951 325 4018 salutet
355 3951 506 4035 velipse
530 3951 697 4036 prandeat,
720 3953 756 4030 in
776 3954 931 4038 templum
953 3954 1072 4038 pergit,
1103 3959 1138 4016 ut
1165 3957 1221 4017 aut
1248 3951 1327 4017 dees

279 4159 298 4224 ¹)
317 4156 440 4211 Omnino
460 4157 494 4210 de
514 4158 567 4212 hae
584 4176 614 4212 re
633 4159 667 4211 ef.
687 4156 789 4214 Nissen
807 4159 824 4215 l.
841 4158 859 4212 i.
877 4177 904 4226 p.
926 4165 972 4214 168
992 4177 1032 4226 sq.
