3224 4734
573 368 575 378 ⁴
770 403 809 465 19
855 439 895 448 ,.

227 570 314 635 Pers.
336 591 365 636 v.
389 571 466 655 3915
499 570 570 635 Aul.
598 592 627 636 v.
660 573 734 655 1663
768 571 873 657 (Oapt.
905 571 995 658 324);
1026 570 1090 636 Mil.
1122 591 1150 636 v.
1173 573 1244 636 676.
1276 571 1352 666 6793

227 672 307 738 Rud.
332 675 431 738 1229:
461 675 602 757 „habeas
626 674 713 758 quod
735 674 768 738 di
796 675 874 740 dant
901 674 1004 741 boni.“
1050 674 1140 760 (lapi.
1167 695 1197 741 v.
1222 675 1283 739 922
1306 692 1353 754 sq.

227 776 345 842 Bacch.
369 777 466 856 11883
496 777 585 843 Cure.
610 779 686 856 5313
717 796 828 842 omnes
849 777 938 844 luces
961 777 1108 844 attulisse
1135 776 1217 843 nihil
1247 777 1352 843 retert.

229 878 273 942 Ut
295 884 403 945 autem
435 880 520 947 buna
551 880 598 944 ita
629 880 726 946 etiam
760 881 886 945 malae
917 880 1050 946 deorum
1084 880 1233 949 munibus
1259 878 1353 945 nobis

231 981 412 1064 obtingunt:
434 1003 508 1047 nam
533 987 567 1046 ut
589 987 638 1048 θεῖ
660 982 693 1047 in
715 983 831 1067 Amph.
853 1005 880 1048 v.
905 985 980 1048 635:
1003 985 1070 1068 „ita
1085 983 1170 1049 divis
1186 990 1235 1049 θεῖ
1255 981 1352 1067 placi·

230 1091 307 1166 tum,
328 1086 529 1171 voluptatem
562 1090 596 1150 ut
624 1105 751 1151 maeror
774 1105 882 1152 cernes
915 1086 1155 1170 consequatur.“
1200 1085 1263 1171 (Of.
1286 1086 1352 1150 Leo

227 1187 261 1252 in
284 1209 364 1255 mus.
386 1188 475 1254 rhen.
498 1189 560 1254 vel.
583 1189 624 1253 38
647 1188 728 1272 init.)
773 1188 838 1254 Sed
871 1189 957 1255 mala
976 1194 1150 1274 eptumum
1177 1193 1227 1255 θεῖ
1249 1207 1353 1272 aeque

228 1289 323 1375 ferre,
346 1311 418 1357 cum
448 1291 732 1357 lamentationibus
764 1311 803 1356 ea
835 1291 1000 1376 depellere
1031 1313 1095 1358 ncn
1125 1292 1288 1377 possimus
1319 1294 1352 1355 ct

233 1393 304 1476 „qui
328 1393 460 1459 deorum
490 1394 627 1461 consilia
659 1394 767 1480 culpet
798 1395 912 1460 stultus
940 1395 1138 1477 inscitusque
1166 1394 1233 1460 sit.“
1275 1391 1353 1480 (Mil.

231 1494 319 1581 736);
351 1496 390 1563 cf.
414 1497 506 1583 Oapt.
528 1519 558 1564 v.
587 1499 662 1563 195:
693 1495 746 1582 „si
776 1497 810 1563 di
832 1497 1030 1564 immortales
1063 1498 1098 1562 id
1127 1499 1260 1564 voluere
1295 1515 1353 1560 vos

230 1598 312 1664 hanc
344 1619 532 1666 aerumnam
563 1601 712 1685 exsequi,
743 1601 845 1673 Decet
875 1600 910 1665 id
939 1601 1008 1687 pati
1036 1601 1143 1666 anime
1174 1619 1293 1684 aeque:
1325 1597 1353 1662 si

228 1701 263 1766 id
284 1702 412 1768 facietis
433 1689 536 1769 leuior
557 1704 649 1769 labus
673 1702 759 1786 erit,“
791 1709 823 1768 et
850 1702 882 1768 in
909 1704 980 1769 Aul.
1003 1724 1032 1769 v.
1055 1702 1095 1768 88
1128 1703 1240 1768 Euclio
1264 1700 1354 1767 dicit:

233 1805 374 1885 „Patierq
397 1805 486 1889 qued
508 1806 541 1870 di
556 1806 633 1872 dant
649 1805 745 1871 lerc.“
776 1805 867 1883 Quae
891 1806 1051 1872 sententia
1065 1806 1162 1871 etiam
1178 1805 1210 1871 in
1227 1789 1354 1871 mediae

233 1911 264 1972 θῖ
295 1927 399 1973 nevae
423 1900 618 1975 comoediae
632 1909 920 1976 innumerabilibus
942 1910 1021 1975 lccis
1048 1909 1173 1992 legitur.
1218 1909 1353 1992 Semper

233 2030 309 2076 vere
333 2011 414 2076 deus
436 2031 591 2097 praesens
615 2016 676 2094 est,
708 2012 761 2076 cui
793 2013 900 2077 omnia
923 2033 1007 2098 quae
1037 2011 1175 2078 facimus
1207 2017 1239 2077 et
1268 2010 1354 2094 cegi-

231 2118 337 2178 tamus
361 2120 437 2179 ncta
461 2121 545 2199 sunt3
569 2115 615 2180 sie
638 2115 716 2180 dicit
739 2115 873 2181 Plautus
895 2114 928 2181 in
951 2115 1067 2182 Bacch.
1089 2137 1118 2180 v.
1141 2116 1214 2180 638:
1248 2113 1354 2199 „Tace

231 2218 340 2282 mode:
363 2218 515 2302 respiciet
545 2239 604 2283 nos
626 2218 745 2302 aliquis
777 2218 876 2284 deus“
898 2223 931 2286 θῖ
957 2218 989 2282 in
1010 2214 1105 2298 'Oapt
1127 2237 1157 2284 v.
1181 2218 1255 2282 313:
1278 2216 1354 2299 „Est
1468 2233 1471 2240 ’

230 2320 373 2404 prefectu
386 2320 466 2386 deus
477 2320 530 2404 qui
542 2341 626 2404 quac
642 2341 700 2385 nes
717 2320 859 2404 gerimus
875 2321 1029 2403 auditque
1045 2324 1078 2386 et
1091 2318 1208 2386 videt.“
1239 2320 1355 2386 Totam

230 2421 330 2486 vitam
353 2422 386 2487 di
409 2431 523 2506 regunt
545 2429 577 2488 et
599 2425 787 2507 gubernant,
811 2424 951 2488 maxime
971 2428 1080 2488 autem
1096 2423 1219 2488 initium
1236 2429 1269 2488 et
1283 2420 1355 2486 finis

231 2523 271 2588 iis
295 2525 442 2591 subiecta
465 2532 545 2590 sunt.
591 2527 690 2592 Cuius
713 2527 760 2591 rei
783 2525 934 2610 exempla
961 2525 1119 2590 habemus
1145 2525 1210 2588 Mil.
1227 2543 1256 2590 v.
1279 2525 1354 2604 314;

236 2624 332 2705 „Quis
363 2628 467 2711 magis
499 2628 550 2693 dis
572 2626 711 2694 inimicis
734 2633 827 2694 natus
859 2648 955 2712 quarn
978 2632 1012 2692 tu
1043 2631 1141 2710 atque
1172 2625 1294 2710 iratis;“
1317 2625 1355 2691 cf.

233 2728 294 2793 529
327 2749 373 2814 sq.
402 2731 453 2795 vel
481 2731 574 2797 Most.
606 2732 681 2797 563:
712 2733 834 2816 „Natus
867 2730 917 2796 dis
948 2729 1088 2796 inimicis
1119 2729 1293 2813 omnibus‚“
1325 2733 1356 2796 θῖ

231 2837 318 2898 recte
341 2833 419 2898 dicit
442 2832 592 2899 Callicles
615 2837 702 2900 Trin.
725 2836 788 2901 57:
810 2836 979 2920 „Deosque
1011 2853 1065 2900 oro
1099 2838 1133 2897 ut
1164 2834 1251 2899 vitae
1279 2839 1355 2899 tuae

231 2942 397 3020 superstes
421 2942 573 3020 suppetat
596 2936 678 3022 (scil.
701 2939 825 3024 uxor);“
863 2938 901 3004 cf.
925 2938 1024 3004 Pecu.
1043 2937 1075 3004 ,5.
1098 2940 1126 3002 t.
1150 2939 1190 3001 14
1213 2958 1259 3020 sq.
1282 2937 1356 3002 Pul-

232 3037 391 3104 cherrima
422 3059 496 3104 vero
529 3045 577 3105 θεῖ
600 3042 759 3106 sententia
781 3041 838 3105 illa
862 3041 954 3107 nubis
977 3060 1103 3125 quoque
1132 3039 1208 3105 trita
1235 3045 1267 3108 et
1288 3041 1356 3105 vul·

232 3142 333 3224 garis,
365 3162 460 3227 quam
492 3142 629 3225 legimus
660 3145 694 3208 in
715 3145 831 3210 Bacch.
853 3164 884 3208 v.
909 3145 983 3210 816:
1014 3142 1135 3228 „Quem
1164 3143 1197 3208 di
1220 3143 1357 3226 diligunt
1411 3140 1422 3154 “

232 3244 424 3310 adulescens
447 3245 607 3329 moritur,“
631 3266 728 3330 quem
743 3247 785 3312 ad
800 3249 934 3312 verbum
950 3251 1114 3312 mutuatus
1130 3251 1213 3313 esta
1228 3247 1356 3312 Menan-

233 3347 290 3412 dre
314 3349 368 3430 qui
392 3349 481 3414 dicit:
504 3335 541 3414 ὃν
564 3343 596 3414 οἱ
619 3346 697 3416 θεοὶ
719 3349 880 3437 φιλοῦσιν,
904 3339 1114 3438 ἀποθνήσκει
1135 3345 1213 3427 νέος.

318 3453 386 3516 lam
412 3458 583 3535 postquam
605 3454 683 3538 quid
698 3454 834 3518 Plautus
850 3453 1086 3536 Tercntiusque
1105 3453 1146 3520 de
1162 3453 1213 3517 dis
1229 3450 1355 3516 omnino

232 3555 390 3620 senserint
414 3554 493 3620 satis
517 3556 736 3640 explicavisse
760 3555 983 3640 exemplisque
999 3557 1241 3622 demonstrasse
1264 3554 1356 3620 nobis

232 3658 388 3740 videmur,
411 3678 475 3740 qua
499 3659 530 3723 in
554 3678 588 3723 re
603 3659 744 3725 maxime
761 3659 908 3723 Plautum
925 3665 1056 3744 praeter·
1077 3658 1167 3723 lcccs
1188 3656 1357 3723 nonnullus

233 3761 448 3825 Romanorum
473 3761 665 3826 sententiam
705 3763 842 3828 retinere
874 3768 908 3828 et
938 3762 1081 3847 preferre
1113 3759 1266 3844 vidimus,
1296 3779 1357 3843 age

232 3883 316 3927 nune
339 3863 482 3946 singulus
506 3863 585 3930 dees
608 3863 753 3948 deasque
775 3863 936 3949 quemodo
969 3861 1199 3948 descripserint
1227 3865 1359 3948 percen-

234 3985 373 4047 seamus,
396 3985 459 4049 qua
482 3967 514 4032 in
537 3988 572 4033 re
602 3966 637 4031 id
668 3967 754 4050 quud
785 3969 849 4033 iarn
873 3985 957 4031 nune
981 3985 1228 4052 praesumamus
1257 3966 1358 4031 multa

233 4089 274 4135 ex
298 4069 432 4136 Graccis
456 4076 584 4153 sumpta
608 4089 680 4134 cum
700 4071 854 4137 Romanis
870 4069 973 4135 mixta
996 4076 1077 4134 sunt.
1111 4068 1210 4134 Cuius
1224 4069 1272 4135 rei
1288 4069 1358 4134 sine

234 4171 330 4237 dubie
355 4175 455 4236 eausa
470 4173 586 4256 partim
605 4193 644 4238 ea
660 4175 812 4257 estquod
829 4173 1029 4257 exemplaria
1044 4193 1084 4238 ex
1100 4172 1216 4255 quibus
1231 4172 1358 4237 fabulas

1170 4273 1202 4328 2.
