3224 4734
685 379 897 441 -1·2..

234 547 393 613 invenitur
415 548 584 632 positum“,
607 547 685 612 dicit
702 550 816 614 Festus
839 549 860 613 l.
883 571 905 614 s.
930 571 951 617 s.
970 551 1167 616 Studemund
1190 554 1296 615 autem
1319 549 1353 614 in

235 652 377 724 Hermae
395 653 458 718 voi.
481 653 504 716 I.
529 675 558 738 p.
581 653 643 718 288
667 653 857 718 sententiam
881 654 1036 739 Gepperti
1058 654 1220 738 vituperat
1242 657 1353 735 putau-

234 754 288 838 tis,
315 755 399 819 hunc
420 755 524 820 locum
549 756 691 838 paullum
714 754 831 822 afferre
853 755 897 822 ad
919 757 1101 842 augendam
1124 776 1228 822 rerum
1253 773 1352 838 augu-

232 856 346 921 ralium
371 857 587 939 cognitionem
610 862 642 922 et
664 866 832 942 comparat
865 859 939 922 Hor.
972 867 1031 924 sat.
1059 859 1100 924 Π.
1125 861 1155 925 2.
1186 861 1240 924 64:
1274 856 1352 937 „hae

231 965 322 1042 urget
345 960 454 1045 lupus,
475 960 538 1025 hae
561 959 680 1025 eanis“.
718 960 823 1026 Schol.
847 962 942 1043 Oruq.
964 962 1109 1036 adnotat:
1131 961 1352 1045 proverbium:

231 1083 303 1128 nam
327 1062 382 1128 ubi
405 1082 456 1128 res
479 1062 563 1128 duae
585 1062 677 1128 nobis
692 1063 849 1129 molestae
871 1063 954 1131 inter
977 1083 1013 1130 sc
1035 1068 1194 1148 pugnant,
1217 1082 1254 1128 eo
1279 1084 1350 1146 pro-

201 1159 205 1168 ’
229 1165 339 1232 verbio
362 1165 487 1230 utimur.
531 1165 631 1230 Recte
654 1163 715 1230 hoc
738 1165 879 1249 quidem3
904 1164 962 1230 sed
985 1166 1112 1231 etiamsi
1135 1171 1273 1247 utraque
1295 1183 1348 1229 res

157 1321 160 1330 .
229 1268 262 1332 in
278 1268 397 1335 Casina
413 1268 550 1334 molesta
572 1273 622 1333 est
643 1273 751 1332 tamen
768 1273 877 1350 sperat
894 1268 1015 1333 Statino
1033 1289 1182 1334 scaevam
1199 1268 1350 1333 caninam

231 1371 297 1436 fore
320 1370 498 1454 meliorem3
520 1363 605 1455 λύκῳ
622 1366 658 1434 δὲ
679 1363 759 1433 κύνα
774 1365 935 1453 πολέμιον
955 1371 1055 1436 fuisse
1077 1371 1174 1436 tradit
1190 1370 1350 1436 Plutarch.

229 1473 248 1536 l.
271 1472 289 1534 i.
313 1492 381 1558 oap.
406 1474 455 1555 65,
478 1473 531 1558 (of.
550 1473 643 1538 Arist.
668 1474 763 1556 Vesp.
779 1494 808 1537 v.
825 1475 901 1560 952)
925 1474 1092 1557 Laresque
1115 1473 1346 1557 quibuscomes

229 1574 387 1658 imprimis
410 1595 519 1642 sacros
541 1576 641 1641 fuisse
664 1576 782 1641 scimus
798 1597 869 1641 curn
893 1576 1032 1642 familias
1058 1596 1185 1659 semper
1208 1580 1350 1642 tutaren-

228 1682 290 1762 tur„
322 1678 431 1744 neseio
463 1700 505 1744 an
537 1680 600 1744 huc
631 1679 743 1745 referri
772 1679 887 1763 possit,
919 1679 1006 1765 quod
1037 1679 1169 1744 Plautus
1202 1680 1348 1744 caninam

230 1799 381 1845 scaevam
404 1780 483 1846 dicit
506 1781 670 1847 meliorem
694 1781 834 1847 futuram
851 1803 932 1849 esse.
969 1781 1063 1866 Apud
1080 1781 1223 1848 Graecos
1241 1786 1349 1847 autem

229 1883 363 1950 canibus
385 1884 487 1950 lustra
510 1885 731 1958 condebantur
752 1904 817 1967 qua
840 1886 880 1951 de
897 1906 932 1952 re
946 1885 985 1950 et
1003 1884 1207 1951 Schoemann
1228 1885 1349 1969 grieoh.

231 1985 363 2050 Alterth.
387 1986 463 2052 ³11.
487 1987 557 2052 250.

313 2088 378 2154 Sed
401 2089 570 2155 coniuncta
593 2094 641 2155 est
672 2108 791 2156 scaeva
813 2094 848 2153 ut
878 2089 988 2155 vidisti
1019 2089 1052 2155 in
1076 2091 1177 2156 Stichi
1199 2089 1348 2155 versibus

227 2195 289 2257 459
322 2198 354 2258 et
385 2195 446 2259 673
485 2213 557 2258 curn
590 2199 713 2276 strena,
750 2213 834 2275 quae
872 2213 935 2257 vox
970 2192 1014 2258 ad
1055 2193 1197 2259 radicem
1242 2197 1347 2274 „star“

228 2294 280 2380 (cf.
303 2293 423 2378 sterno)
446 2295 573 2360 ridetur·
595 2295 778 2361 reducenda
794 2315 875 2362 esse.
913 2296 1032 2362 Paulus
1055 2302 1162 2362 autem
1185 2297 1247 2361 hoc
1270 2294 1348 2360 (licit

227 2417 258 2480 p.
282 2399 356 2462 312:
392 2398 557 2477 „Strenam
584 2400 795 2483 appellabant
826 2418 910 2482 quae
941 2399 1079 2466 dabatur
1110 2400 1163 2466 die
1194 2399 1346 2482 religioso

228 2499 344 2564 ominis
375 2500 450 2564 boni
482 2501 588 2584 gratia
610 2521 630 2565 a
653 2519 783 2566 numero
815 2521 878 2584 quo
901 2501 1097 2585 significatur
1120 2503 1254 2566 alterum
1285 2506 1348 2565 ter-

225 2603 372 2687 tiumque
388 2608 556 2668 venturum
576 2605 691 2669 similis
713 2603 873 2669 commodi
895 2605 995 2669 veluti
1017 2609 1141 2670 trenam
1165 2604 1349 2688 praeposita

228 2704 250 2768 S
273 2705 374 2789 litera,
398 2710 431 2769 ut
453 2705 595 2789 antiquis
617 2707 769 2790 frequens
790 2725 868 2771 usus
891 2709 989 2770 erat“.
1027 2705 1112 2784 Quid
1135 2712 1242 2772 autern
1267 2713 1364 2798 stre-v

227 2828 302 2873 nam
329 2808 480 2891 primitus
508 2808 707 2891 significasse
729 2807 902 2893 putamus?
935 2815 984 2874 est
1008 2808 1091 2874 enim
1115 2809 1202 2892 apud
1234 2812 1348 2892 poetas

227 2916 355 2976 veteres
378 2911 517 2976 comicos
539 2912 625 2976 idem
647 2911 716 2977 fere
740 2911 825 2994 quod
849 2931 956 2977 omen:
983 2911 1021 2975 ef.
1044 2915 1174 2996 practer
1197 2911 1345 2975 Plautum

228 3013 261 3076 L.
284 3014 496 3098 Pomponium
518 3016 638 3082 Bonon.
658 3014 743 3099 apud
765 3013 981 3080 Ribbeekium
999 3013 1033 3079 in
1062 3015 1097 3080 fr.
1120 3033 1199 3080 eom.
1221 3016 1291 3080 lat²
1314 3034 1345 3079 r.

229 3117 290 3180 114
313 3138 343 3200 p.
363 3120 439 3182 242:
462 3118 570 3183 asside
587 3119 614 3183 si
638 3113 702 3200 qua
723 3125 860 3183 ventura
883 3122 932 3184 est
953 3117 1064 3203 aliqua
1087 3123 1195 3183 strena
1218 3122 1346 3184 strenue

226 3270 232 3286 .
256 3268 264 3286 .
287 3242 307 3302 ,ς
330 3218 389 3284 sed
412 3220 633 3302 quaestionem
655 3219 742 3284 illam
759 3225 793 3284 ut
816 3219 994 3285 diiudicare
1010 3221 1179 3305 possimne,
1201 3226 1347 3305 repetere

225 3343 285 3389 nos
309 3326 434 3406 oportet
462 3322 561 3387 verba
584 3321 769 3406 Symmachi
797 3323 831 3386 in
854 3323 946 3405 epist.
973 3323 1015 3386 X.
1040 3325 1094 3388 23:
1139 3323 1210 3403 „Ab
1233 3329 1346 3388 exortu

226 3444 331 3510 paene
363 3423 451 3488 urbis
482 3423 617 3488 Martiae
650 3429 829 3488 strenarum
860 3444 936 3488 usus
967 3425 1123 3508 adolevit,
1156 3424 1347 3489 auctoritate

227 3527 313 3591 Tatii
337 3526 434 3608 regis,
458 3526 512 3607 qui
536 3513 713 3591 ‘verteras
735 3525 840 3589 felicis
864 3514 1000 3590 arboris'
1031 3547 1072 3592 ex
1095 3527 1165 3591 luco
1190 3527 1346 3592 Strenuae

228 3627 301 3692 anni
330 3628 404 3692 novi
435 3628 585 3711 auspices
612 3627 765 3720 aceepit.“
815 3628 951 3693 Strenae
981 3629 1077 3712 igitur
1108 3630 1256 3713 primitus
1278 3649 1345 3694 rer·

228 3731 311 3795 berra
332 3729 386 3795 vei
420 3731 502 3796 rami
533 3730 704 3814 frugiferae
728 3730 852 3795 arboris
875 3736 979 3816 erant,
1012 3733 1128 3816 quibus
1151 3737 1186 3796 ut
1216 3730 1346 3798 deorum

228 3831 425 3898 voluntatem
450 3843 690 3916 cognoscerent,
715 3833 849 3899 Romani
873 3833 987 3899 eodem
1010 3835 1076 3899 fere
1092 3834 1187 3900 nrodo
1202 3835 1252 3899 usi
1276 3855 1348 3900 esse

226 3935 375 4002 videntur
401 3955 440 4000 ao
467 3936 606 4000 sortibus
634 3957 714 4019 quas
742 3942 776 4001 ut
798 3939 975 4002 Mommsen
1002 3937 1080 4002 dicit
1105 3937 1138 4001 in
1160 3936 1233 4003 hist.
1256 3939 1346 4003 Rom.

226 4058 256 4106 v,
277 4038 302 4104 I.
324 4059 354 4123 p.
373 4040 432 4101 177
456 4039 529 4103 adn.
551 4038 726 4104 verisimile
749 4044 808 4112 est
826 4041 891 4104 lino
915 4039 1050 4104 insertas
1073 4044 1104 4104 et
1127 4039 1212 4103 humi
1228 4044 1347 4104 stratas

226 4160 300 4210 esse
330 4141 442 4224 itaque
474 4141 580 4206 varias
611 4141 729 4225 figuras
762 4142 931 4226 formasse,
963 4142 1120 4224 equibus
1151 4141 1269 4208 bouum
1291 4145 1346 4206 aut
