3224 4734
673 369 885 433 „25..

220 538 279 603 boo
302 539 422 603 fautum
445 558 518 604 ease
544 539 715 604 statuimus
739 539 914 604 Peterseno
937 537 1041 621 magis
1064 535 1236 604 adsentiar.
1252 573 1292 584 -
1307 537 1345 604 In

218 642 271 708 Ps.
293 661 393 708 versa.
418 641 478 705 198
502 658 547 724 sq.
570 640 623 707 ubi
647 641 751 707 Ballio
775 641 862 706 leno:
894 639 986 720 „Nisi
1010 641 1158 706 oaruaria
1189 639 1252 705 tria
1273 657 1346 726 gra-

218 744 296 812 vida
310 742 484 828 *tegoribus
506 742 595 809 oneri
619 743 711 810 uberi
734 743 829 811 hodie
853 743 932 810 Mihi
956 749 1061 825 erunt,
1095 762 1167 808 eras
1196 747 1230 809 te
1253 743 1346 826 quasi

220 848 351 916 Dircam
374 847 450 912 olim
474 852 507 912 ut
530 853 708 912 memorant
730 845 794 912 duo
817 846 885 913 uati
905 846 993 912 Iovis
1010 846 1195 912 Devinxere
1217 845 1260 910 ad
1275 850 1346 910 tau-

219 972 299 1033 rum,
320 950 395 1016 item
419 969 480 1033 ego
502 954 534 1014 te
558 949 735 1033 astringam
757 948 801 1014 ad
823 949 1034 1030 carnarium
1057 948 1201 1014 fabulam
1218 947 1347 1014 notissi-

221 1053 412 1120 mamillam
431 1051 562 1138 attingit
577 1052 704 1134 Dirces,
727 1072 811 1137 quae
826 1055 866 1117 ab
882 1051 1065 1138 Amphione
1086 1057 1120 1118 et
1134 1051 1236 1117 Zetho
1260 1051 1346 1136 quod
1384 1123 1387 1128 ,

221 1156 394 1241 Antiopam
417 1161 554 1222 matrem
578 1156 755 1222 eruoiasset
777 1155 821 1220 ad
843 1161 970 1221 taumm
1001 1155 1141 1239 alligata
1169 1158 1202 1220 et
1232 1159 1348 1220 neeata

221 1267 279 1326 est.
311 1258 406 1337 Quod
427 1257 514 1325 unde
538 1259 656 1324 Plauto
672 1266 782 1324 notum
805 1258 902 1324 fuerit
917 1258 1048 1324 dubium
1071 1264 1135 1324 est:
1157 1277 1232 1323 nam
1256 1256 1368 1324 Anti:

223 1363 318 1450 opam
340 1361 486 1427 fabulam
517 1361 550 1426 in
583 1382 648 1446 qua
670 1361 746 1445 quin
771 1361 868 1428 Dirce
900 1380 1029 1445 quoque
1050 1360 1207 1448 prodierit
1236 1360 1348 1445 nequit

222 1465 364 1532 dubitari
385 1483 448 1530 non
472 1464 507 1530 L.
529 1464 726 1547 Armenion,
756 1465 816 1530 aed
839 1463 981 1529 Paouvio
1012 1463 1252 1531 attribuendam
1274 1482 1348 1530 esse
1467 1461 1470 1466 ’

222 1572 362 1652 nonstat3
385 1566 424 1633 of.
447 1565 601 1632 Weloker
622 1566 663 1633 de
684 1572 766 1652 trag.
788 1566 903 1634 Graes.
926 1588 955 1651 p.
980 1567 1051 1634 812.
1087 1565 1194 1644 Quare
1215 1572 1351 1655 poetam·

223 1671 307 1736 huno
329 1671 435 1736 looum
457 1689 476 1735 e
499 1669 626 1735 Graeoo
649 1669 772 1736 oomioo
801 1667 1004 1735 transtulisse
1027 1668 1212 1753 statuimus,
1240 1688 1349 1753 quarn-

224 1794 320 1858 quam
351 1772 567 1858 fragmentum
598 1771 661 1837 huo
683 1771 848 1857 pertinens
871 1791 935 1837 uon
966 1771 1136 1855 habemus;
1167 1771 1240 1857 ipse
1270 1791 1348 1839 vero

225 1876 364 1944 oomious
387 1880 517 1942 reoutus
539 1875 667 1942 videtur
689 1894 761 1943 esse
776 1873 975 1960 Euripidem,
998 1873 1088 1940 ouius
1104 1894 1145 1941 ex
1159 1875 1349 1966 fragmentis

226 1979 386 2064 Antiopae
416 1997 530 2044 versus
560 1979 622 2044 hos
661 1997 849 2063 comparare
884 1976 973 2044 lieet:
1012 1972 1053 2042 Εἰ
1089 1973 1127 2042 da‘
1162 2001 1229 2044 που
1259 1971 1351 2058 τύχοι

224 2079 324 2169 πέριξ
351 2076 468 2162 ἑλίξας,
491 2070 567 2162 ellx'
601 2069 683 2164 ὁμοῦ
712 2074 822 2166 baddo
852 2081 989 2167 ymerium
1016 2077 1142 2168 πέτραν
1172 2081 1248 2167 δρῦν
1276 2083 1350 2164 pler-

224 2179 396 2252 αλλάσσων
419 2175 482 2266 o'rst'3
504 2184 581 2252 vide
605 2185 757 2251 Weloker
779 2207 810 2270 p.
832 2185 1010 2251 811-828.
1225 2257 1227 2261 .

309 2291 359 2356 De
381 2287 505 2354 lunone
537 2308 608 2354 oum
631 2287 696 2353 iam
718 2287 886 2352 disserturi
919 2286 1019 2354 simus
1042 2287 1181 2373 primum
1204 2285 1281 2370 quid
1303 2285 1345 2353 de

223 2391 287 2458 hao
309 2392 372 2458 dea
395 2397 430 2457 ut
451 2389 540 2457 Iovis
564 2409 663 2456 uxore
678 2389 885 2456 statuendum
900 2389 942 2455 sit
956 2389 1144 2472 rideamas3
1166 2410 1241 2456 nam
1263 2387 1347 2455 anti-

224 2495 330 2579 quitus
353 2515 417 2560 non
440 2494 552 2561 Iovem
568 2492 627 2560 sed
640 2493 753 2559 Ianum
769 2493 939 2578 ooniugem
953 2493 1084 2559 lunonis
1106 2492 1253 2558 habiturn
1275 2511 1349 2558 esse

225 2619 266 2664 ex
287 2595 384 2664 Festo
406 2619 436 2681 p.
458 2599 519 2662 att
543 2596 634 2682 (307)
655 2601 808 2682 apparet,
841 2595 895 2679 qui
918 2594 1006 2682 apud
1027 2594 1166 2680 tigillum
1188 2593 1346 2660 sororium

225 2719 302 2765 aras
319 2705 525 2767 oonseoratas
540 2700 642 2765 fuisse
657 2698 757 2765 tradit
771 2699 885 2765 Iunoni
902 2697 1052 2764 Sororiae
1067 2703 1099 2764 et
1113 2696 1191 2763 Iano
1208 2696 1351 2763 Curiatio

225 2803 277 2891 (of.
300 2803 434 2888 Dionys.
458 2803 530 2867 Hal.
545 2801 600 2868 HI.
624 2800 688 2887 22),
712 2802 797 2885 quod
820 2801 957 2886 tigillum
972 2801 1053 2866 nihil
1071 2801 1161 2866 aliud
1184 2807 1233 2868 est
1255 2820 1351 2884 quarn

224 2906 332 2990 imago
355 2903 551 2970 matrimonii
576 2905 646 2969 lani
669 2912 702 2971 et
716 2903 886 2990 Iunonis¹)‚
913 2923 994 2987 quos
1016 2903 1096 2969 deos
1119 2904 1233 2969 eodem
1256 2902 1351 2970 modo

227 3011 313 3096 apud
337 3009 488 3093 Epirotas
510 3006 669 3073 Dodonae
693 3007 879 3073 coniunctos
902 3007 1002 3073 fuisse
1024 3007 1144 3073 seimus
1167 3006 1271 3095 (Ζῆνα
1294 3003 1352 3072 καὶ

226 3105 378 3201 Διώνην).
422 3111 536 3195 Neque
559 3130 636 3177 vero
659 3109 728 3176 fieri
750 3109 855 3195 potuit
886 3109 972 3194 quin,
996 3128 1067 3175 oum
1090 3108 1236 3195 Iuppiter
1268 3104 1349 3187 Διὸς

224 3216 304 3282 Iuno
322 3205 435 3299 Ἥρας
466 3220 576 3297 partes
600 3218 743 3297 agerent,
774 3212 807 3277 hi
841 3230 968 3296 quoque
991 3212 1230 3278 matrimonium
1251 3212 1351 3278 inisse

225 3324 424 3406 putarentur.
462 3317 528 3383 Sed
551 3322 622 3382 utut
637 3317 699 3381 hoo
722 3321 781 3400 est,
803 3314 882 3381 Iuno
906 3335 1069 3398 nunquam
1091 3337 1112 3381 a
1133 3316 1249 3380 Plauto
1272 3333 1353 3380 uxor

224 3420 312 3487 Iovis
339 3421 524 3506 appellatur
546 3457 587 3467 -
609 3419 643 3484 in
677 3439 739 3484 uno
765 3416 880 3504 Amph.
903 3439 933 3484 v.
955 3419 1017 3483 831
1050 3425 1100 3483 est
1122 3417 1210 3484 Iovis
1241 3421 1353 3501 ‚mater

227 3523 381 3589 familias’
395 3541 511 3587 —neo
533 3522 618 3587 ullus
640 3521 754 3586 titulus
778 3540 850 3586 oum
874 3518 935 3584 hae
958 3519 1192 3604 signifieatione
1207 3527 1353 3606 repertus

228 3631 288 3709 est,
312 3644 506 3709 quamquam
530 3623 646 3703 multil)
670 3627 799 3690 exstant
832 3641 945 3688 versus
973 3623 1088 3707 quibus
1115 3622 1176 3687 hoo
1198 3623 1352 3688 Romanis

233 3748 286 3793 am
308 3733 375 3792 tum
398 3746 590 3812 persuasum
613 3725 715 3792 fuisse
738 3724 948 3808 intellegitur.

299 3899 318 3966 ¹)
341 3896 382 3952 cf.
401 3895 561 3953 Baohofeu:
580 3895 626 3949 die
640 3893 714 3963 Saga
733 3909 791 3948 von
804 3893 952 3962 Tanaquil,
972 3893 1035 3948 eine
1048 3891 1269 3962 Untersuohuug
1282 3893 1353 3950 tiber

230 3984 287 4038 deu
306 3981 521 4037 Orientalismua
540 3981 568 4035 iu
587 3981 660 4035 Rom
680 3980 738 4034 und
756 3980 870 4047 italien,
889 3979 1066 4048 Heidelberg
1086 3986 1152 4037 1870
1170 3997 1198 4050 p.
1218 3985 1275 4035 325.

298 4071 319 4134 2)
339 4067 414 4121 Vide
433 4065 508 4120 Trin.
528 4083 553 4119 v.
574 4073 637 4120 208:
666 4065 783 4130 „Seiani
802 4065 880 4134 quod
899 4064 969 4117 luuo
989 4063 1142 4120 fabulatast
1168 4081 1230 4119 auru
1249 4066 1353 4132 Iove;“

226 4153 311 4208 Mero.
331 4169 358 4207 v.
377 4159 438 4207 956:
457 4151 541 4220 ‚dam
561 4152 714 4220 propitiam
734 4149 853 4204 reddam
882 4165 965 4217 quam
992 4164 1076 4218 quom
1102 4151 1258 4220 propitiast
1276 4151 1348 4205 luno
