3224 4734
704 368 915 432 ..40-

250 541 372 618 menta;
403 556 515 602 verum
547 539 711 604 enimvero
742 538 832 602 nulla
859 538 1039 622 adaequest
1062 539 1248 623 Aeheruns,
1284 545 1391 623 atque

253 639 308 705 ubi
333 659 393 725 ego
417 641 462 706 fui
485 641 516 705 in
540 641 754 726 lapideretur
793 641 833 706 Hi
858 660 970 707 versus
993 662 1066 707 mea
1089 641 1254 708 sententia
1283 643 1392 710 Grae-

253 763 326 808 eum
349 749 477 832 poetam
502 744 644 829 sapiunt3
675 764 750 809 nam
774 750 808 810 ut
831 743 909 810 dioit
930 745 1050 810 Nissen
1072 745 1133 810 li.
1155 768 1185 832 p.
1208 747 1246 830 23
1282 749 1391 826 „Tar-

250 851 353 911 tarum
372 846 555 913 desoribere
579 855 612 913 et
634 846 734 912 variis
756 847 889 931 pingere
912 847 1072 914 coloribus
1095 853 1145 913 est
1161 848 1389 933 Graecorum3

254 949 371 1014 Italiae
394 950 509 1016 ineolis
532 949 585 1014 hie
607 950 696 1016 loeus
720 949 931 1017 oiroumiusus
954 957 1003 1016 est
1030 950 1148 1016 crassis
1175 950 1330 1016 tenebris
1353 951 1390 1014 in

161 1054 166 1068 '
252 1051 368 1134 quibus
390 1052 538 1119 homiues
561 1052 647 1119 nullo
670 1053 765 1118 modo
797 1053 900 1120 lineas
932 1072 1009 1119 suas
1032 1053 1150 1120 dooere
1181 1047 1390 1139 possunt.“¹)

250 1157 313 1221 Per
338 1157 443 1221 ioeum
466 1156 582 1240 Amph.
605 1176 633 1221 v.
659 1159 740 1221 1099
764 1161 813 1222 est
836 1159 1045 1241 oompositus:
1079 1157 1254 1240 „Verbera
1280 1155 1390 1223 etiam

252 1259 327 1342 quis
356 1279 415 1342 ego
449 1259 508 1323 sim
540 1279 591 1325 mo
622 1259 757 1343 rogitas,
788 1259 946 1324 ulmorum
969 1259 1180 1325 Acheruns?“
1212 1259 1307 1343 quod
1333 1279 1391 1326 eo·

252 1359 390 1444 gnomen
414 1381 507 1425 servo
530 1361 715 1427 attribuitur
738 1362 828 1428 ouius
843 1363 876 1426 in
892 1368 981 1445 tergo
1004 1362 1163 1427 ulmorum
1184 1363 1269 1427 rami
1293 1362 1388 1428 sran-

249 1468 373 1548 guntur.
417 1463 467 1528 De
498 1465 596 1528 Poen.
628 1483 705 1529 vero
728 1464 854 1549 prologi
884 1484 979 1530 versu
1003 1467 1041 1529 71
1074 1484 1179 1549 panea
1210 1465 1388 1546 adnotem:
1434 1503 1452 1550 ·.

252 1566 331 1630 dioit
351 1570 462 1650 poeta:
495 1565 588 1650 „lpse
620 1567 690 1632 abit
721 1567 763 1632 ad
787 1567 1002 1633 Acheruntem
1034 1566 1104 1666 sine
1135 1567 1293 1650 viatioo,“
1330 1565 1388 1652 (ef.

253 1668 396 1750 Mueller,
418 1670 527 1754 plaut.
550 1669 704 1736 Prosodie
727 1694 757 1757 p.
780 1669 857 1757 382)
883 1672 973 1736 euius
1004 1690 1119 1738 versus
1151 1670 1251 1736 verba
1285 1673 1387 1752 „sine

252 1771 393 1836 viatioo“
417 1792 481 1838 non
504 1772 597 1838 aliter
620 1779 698 1858 puto
722 1773 868 1856 intellegi
884 1793 980 1859 posse
1003 1793 1099 1857 quam
1119 1772 1160 1837 de
1177 1773 1387 1854 Graeoorum

251 1873 315 1938 ritu
338 1874 472 1940 mortuis
494 1874 682 1960 priusquam
706 1875 893 1942 efferrentur
916 1875 1044 1942 obolum
1066 1875 1099 1940 in
1123 1894 1159 1941 os
1179 1875 1386 1960 imponendi,

252 1976 338 2058 quod
367 1977 409 2042 ab
441 1979 655 2043 Romanorum
688 1999 750 2043 usu
781 1978 921 2044 alienum
953 1983 1030 2046 erat.
1083 1978 1197 2051 Iooose
1229 1979 1386 2063 appellat

248 2079 384 2144 Plautus
406 2079 441 2144 in
463 2067 558 2146 Mero.
589 2099 618 2144 v.
641 2080 705 2144 290
741 2079 905 2160 „vetulum
936 2079 1135 2166 decrepitum
1164 2086 1295 2146 senem“
1323 2080 1383 2164 qui

248 2201 323 2246 mox
345 2183 486 2247 animam
514 2203 604 2248 suam
629 2183 755 2249 efflabit
789 2183 1090 2269 „Acheruntioom;“
1123 2183 1164 2252 of.
1187 2183 1286 2249 etiam
1309 2182 1383 2247 Mil.

248 2305 278 2349 v.
301 2285 362 2348 627
386 2292 419 2350 et
442 2288 512 2351 Oas.
535 2307 563 2351 v.
587 2289 615 2351 9.
639 2289 666 2351 1.
691 2289 740 2371 12,
762 2287 816 2352 ubi
843 2286 1054 2367 „Acheruntis
1076 2287 1249 2373 pabulum“
1273 2284 1382 2360 homi·

248 2406 323 2450 nem
345 2386 504 2471 signifieat
519 2383 653 2472 dignum
671 2390 726 2472 qui
741 2389 784 2454 ad
807 2397 941 2456 mortem
957 2389 1108 2455 mittatur.
1140 2388 1244 2473 Regni
1266 2393 1382 2454 autem

250 2488 426 2555 inferorum
448 2511 506 2555 rex
529 2509 601 2556 oum
623 2492 681 2557 Dis
705 2493 805 2557 Pater
827 2511 922 2574 quem
945 2494 1079 2557 Plautus
1100 2511 1163 2557 non
1186 2510 1390 2558 oommemo-·
1420 2485 1423 2494 ’

252 2596 303 2654 rat
326 2599 392 2656 tum
409 2592 510 2659 Orous
536 2613 609 2660 etse
632 2594 817 2679 putabatur,
840 2600 874 2658 ut
898 2597 948 2660 est
963 2595 995 2659 in
1012 2595 1099 2659 Asin.
1116 2613 1143 2660 v.
1160 2594 1234 2658 606:
1258 2593 1380 2680 „Apud

253 2693 370 2760 Oreum
385 2701 418 2761 te
433 2696 582 2782 videbo;“
609 2698 646 2763 of.
663 2697 798 2788 Mostell.
814 2717 843 2762 v.
858 2698 930 2761 499.
952 2696 1043 2782 Oapt.
1059 2697 1135 2762 283:
1162 2696 1272 2777 „Nune
1287 2699 1381 2762 vivat

251 2815 353 2862 neone
376 2797 410 2862 id
433 2798 551 2865 Oreum
574 2799 656 2865 seire
679 2803 837 2885 oportet;“
862 2806 1034 2884 praeterea
1056 2801 1127 2883 lege
1144 2800 1237 2883 Epid.
1258 2819 1288 2864 v.
1305 2801 1381 2866 363,

253 2900 305 2964 Ps.
321 2902 392 2985 795,
416 2901 501 2968 Trin.
525 2902 587 2968 595
611 2922 682 2967 oum
705 2901 778 2967 adn.
795 2902 904 2986 Brixii‚
927 2902 1044 2967 Baeoh.
1068 2922 1097 2968 r.
1121 2903 1196 2967 368:
1219 2902 1381 2981 „Pandite

252 3009 351 3085 atque
367 3005 492 3089 aperite
514 3024 652 3090 propere
674 3005 806 3070 ianuam
828 3004 912 3071 hano
929 3003 1013 3090 Oroi,
1036 3004 1169 3070 obsecro
1193 3004 1245 3091 (of.
1261 3003 1381 3069 Aesoh·

254 3108 314 3190 Ag.
338 3126 368 3171 v.
393 3106 498 3193 1245).
543 3107 608 3173 Sed
630 3107 766 3174 Mortem
790 3128 918 3192 quoque
940 3109 1047 3192 ipsam
1066 3114 1102 3173 ut
1121 3108 1208 3193 apud
1236 3106 1381 3172 Graecos

254 3210 301 3275 ita
326 3209 425 3274 etiam
447 3211 535 3296 apud
557 3210 705 3276 Plautum
728 3212 869 3295 gessisse
890 3230 1060 3296 personam
1089 3209 1184 3276 versu
1209 3210 1283 3276 Cist.
1307 3211 1335 3277 3.
1361 3213 1386 3275 9Ι

255 3311 404 3380 effioitur:
436 3313 580 3398 „Reoipe
611 3334 662 3380 me
693 3314 737 3379 ad
767 3318 800 3380 te
830 3316 917 3379 Mors
939 3301 1079 3378 amioum
1111 3319 1143 3378 et
1165 3312 1375 3380 benevolum“

258 3435 353 3498 quem
384 3416 427 3481 ad
459 3436 588 3481 versum
619 3437 682 3482 non
713 3417 823 3483 dubito
859 3415 1031 3482 adnectere
1062 3416 1180 3481 Baoeh.
1217 3437 1246 3481 v.
1278 3418 1375 3482 1152:

259 3519 384 3598 „Meum
407 3540 543 3604 pensum
568 3539 627 3604 ego
650 3519 759 3605 lepide
786 3519 1208 3605 adou1·abo‚quamquamst
1239 3521 1374 3585 Mortem

256 3621 468 3706 amplexari;“
490 3622 530 3689 of.
553 3623 672 3688 Tibulli
696 3642 793 3689 oarm.
817 3623 839 3689 1.
864 3625 892 3688 1.
915 3623 970 3688 70:
995 3622 1084 3702 „lam
1106 3623 1214 3688 veniet
1231 3621 1374 3688 tenebris

256 3723 341 3789 Mors
364 3723 522 3809 adoperta
545 3729 670 3811 eaput,“
696 3730 728 3791 et
752 3727 778 3792 1.
803 3727 867 3790 24
891 3743 938 3807 sq.
955 3723 1091 3790 Omnino
1108 3724 1218 3788 Mortis
1235 3743 1374 3809 persona

256 3825 403 3892 omnibus
426 3825 555 3912 populis
584 3832 668 3894 nota·
684 3831 799 3894 est-
818 3827 869 3894 De
891 3846 979 3893 more
1002 3827 1151 3911 sepulora
1181 3833 1378 3892 mortuorum

255 3983 461 3992 --——-—-

328 4049 347 4115 ¹)
365 4047 456 4102 Recte
474 4047 562 4116 igitur
580 4048 650 4104 dicit
668 4049 817 4106 Calidorus
836 4048 864 4103 in
882 4049 929 4107 Ps.
942 4064 969 4103 v.
988 4053 1035 4104 90:
1053 4046 1213 4116 „Certumst
1225 4047 1291 4102 mibi
1310 4052 1374 4102 ante

255 4133 388 4190 tenebras
405 4133 564 4204 persequi.“
