3224 4734
675 342 886 406 ..50-

226 511 339 578 thata
369 510 488 599 temple
510 510 545 576 oi
568 511 604 574 B.
626 510 662 577 F.
693 530 763 578 was
791 511 879 577 olose
906 516 940 576 to
962 509 1101 577 Euolio’s
1132 513 1267 597 house,“
1302 515 1347 580 ita

226 620 261 681 nt
282 617 442 681 Fortunae
465 615 618 698 templum
640 633 743 699 prope
766 615 896 683 domum
914 615 1077 681 Euclionis
1101 621 1196 683 esset.

313 719 479 785 Postremo
508 717 600 802 Capt.
630 737 658 782 v.
681 719 745 784 864
775 738 822 802 sq.
854 724 886 784 et
908 719 995 784 Asin.
1022 739 1053 784 v.
1083 721 1143 784 716
1175 738 1239 785 non
1269 713 1347 786 mihi

226 822 376 891 videntur
402 820 611 907 neglegendi,
644 821 769 888 etiamsi
802 827 973 905 utrumque
1006 823 1109 888 looum
1141 831 1240 908 poeta
1261 823 1350 890 ioou-
1420 885 1423 890 .

227 926 336 992 lariter
358 926 506 1011 {seripsit
558 925 668 991 Priore
691 926 763 992 looo
791 926 958 1009 Ergasilus
989 947 1061 991 eum
1091 947 1171 994 vasa
1201 946 1283 1012 pura
1313 947 1348 992 se

227 1029 455 1096 adornatarum
487 1029 605 1095 dixerit
636 1033 670 1094 ut
692 1025 862 1113 saoritioet,
899 1029 941 1095 ab
963 1029 1109 1113 Hegione
1134 1029 1348 1115 iuterrogatus

227 1133 279 1200 oui
309 1133 371 1200 deo
402 1131 593 1198 saorifioium
622 1131 724 1198 fieret:
755 1132 862 1217 „Mihi
893 1133 1005 1217 inquit,
1037 1132 1158 1218 beroia
1189 1154 1265 1199 nam
1288 1151 1349 1216 ego

227 1255 310 1303 nuno
332 1235 391 1302 tibi
413 1255 484 1301 sum
507 1253 649 1300 summus
668 1233 827 1320 Iuppiter,
850 1235 941 1301 Idem
965 1255 1024 1318 ego
1049 1256 1118 1302 snm
1143 1236 1252 1320 Salus,
1275 1237 1350 1324 For-

226 1345 313 1424 tuna,
335 1341 417 1424 Lux,
438 1338 589 1423 Laetitia,
611 1337 773 1406 Gaudium
782 1339 810 1422 ;“
841 1361 866 1404 ::
897 1338 1112 1422 „Proindetu
1141 1338 1238 1405 deum
1265 1338 1349 1404 huno

228 1443 396 1512 saturitate
419 1442 525 1510 iaoias
547 1443 756 1526 tranquillum
777 1441 870 1526 tibi;“
901 1443 1079 1528 posteriore
1101 1444 1172 1508 loeo
1196 1443 1351 1528 Argurip·

227 1566 288 1632 pus
318 1545 483 1612 Leonidae
518 1546 739 1629 interroganti:
772 1545 894 1630 „Quem
923 1549 955 1611 te
985 1544 1080 1610 deum
1109 1550 1219 1612 autern
1249 1544 1351 1610 nomi-

227 1649 342 1718 ιῑθιιιῗιι
366 1649 560 1733 respondet:
590 1649 783 1734 „Fortunam
805 1653 904 1732 atque
927 1648 1194 1732 Obsequentem.“
1237 1648 1281 1714 In·
1300 1649 1350 1713 his

228 1751 376 1820 versibus
412 1750 693 1836 significationem,
729 1751 867 1818 fortasse
904 1750 1079 1838 παρῳδὶαν
1123 1751 1350 1834 indigitamen-

228 1860 331 1922 torum
368 1856 477 1922 iuesse
514 1855 660 1940 suspioor
701 1874 785 1938 quae
825 1860 977 1938 quantam
1013 1855 1080 1940 vim
1110 1854 1282 1921 habuerint
1317 1854 1351 1919 in

229 1964 373 2026 veterum
396 1949 612 2024 Romanorum
642 1957 799 2042 religione
830 1977 925 2024 nemo
953 1964 1003 2025 est
1026 1958 1102 2042 quin
1134 1957 1222 2024 soiat.
1267 1958 1351 2023 Nam

230 2082 272 2130 ex
299 2081 488 2146 quoeunque
519 2066 612 2147 parte
643 2061 724 2127 deus
751 2061 870 2145 aliquis
901 2066 1094 2147 potestatem
1126 2081 1218 2127 suam
1246 2064 1352 2139 osten-

230 2167 336 2250 derat⁷
362 2166 490 2232 nomine
513 2165 589 2230 illuo
611 2164 792 2251 pertinente
815 2184 889 2231 eum
911 2165 1072 2250 appellari
1100 2164 1280 2250 oportebat,
1312 2183 1352 2230 ao

230 2288 271 2334 ne
293 2268 475 2352 ignorantia
497 2266 576 2334 neoti
600 2267 681 2333 deus
704 2266 933 2350 offenderetur,
960 2267 1105 2334 formulis
1131 2267 1351 2352 precationum

230 2370 351 2436 addere
378 2370 537 2436 solebant:
564 2370 635 2455 „vel
658 2391 721 2455 quo
745 2369 809 2436 alio
833 2370 961 2437 nomine
988 2371 1149 2456 appellari
1180 2368 1353 2454 volueris;“

231 2473 271 2538 of.
299 2471 387 2539 Seri.
414 2473 457 2538 ad
479 2475 557 2541 Aen.
584 2472 605 2540 i.
633 2473 689 2540 IV.
716 2474 786 2540 577.
831 2473 936 2552 Quam
959 2473 1000 2539 ob
1032 2492 1165 2566 oausam
1191 2471 1352 2539 Leonidas

231 2594 304 2641 oum
325 2575 585 2659 interrogaverit:
607 2577 727 2662 „Quem
744 2583 777 2642 te
793 2577 889 2642 deum
904 2580 1011 2642 autem
1028 2575 1229 2642 nominem?“
1252 2578 1353 2658 Argu-

231 2678 343 2763 rippue
374 2678 465 2744 dieit:
501 2680 696 2764 „Fortunam
732 2686 831 2764 atquo
863 2677 1122 2764 Obsequentem“
1158 2699 1239 2763 quas
1270 2679 1354 2745 inter

232 2781 313 2848 deas
336 2780 459 2846 nullum
480 2781 550 2848 fere
572 2782 745 2849 diserimen
766 2783 908 2849 interest.
953 2783 1107 2849 Similiter
1128 2782 1162 2848 in
1185 2782 1275 2868 Oapt.
1297 2800 1353 2846 no·

231 2883 319 2949 mina
329 2884 449 2950 Salutis
458 2884 621 2951 Fortunae
630 2885 727 2952 Lueis
737 2885 896 2952 Laetitiae
908 2885 1029 2953 (laudii
1045 2886 1189 2953 summus
1207 2884 1354 2970 luppiter
1459 2875 1463 2880 ’

232 2985 341 3054 omnia
380 2987 443 3056 sihi
481 2987 603 3055 addere
642 2993 764 3074 potest,
809 3010 881 3055 oum
917 2990 989 3074 ipse
1026 2991 1163 3056 salutem
1192 2988 1354 3053 fortmmm

232 3090 336 3155 lueem
358 3089 517 3156 laetitiam
544 3090 697 3174 gaudium
724 3091 893 3177 praebeat,
924 3112 1024 3176 quare
1056 3091 1176 3177 optime
1202 3089 1236 3157 in
1257 3109 1354 3156 versu

233 3193 295 3258 865
318 3191 360 3257 de
381 3192 463 3276 ,uno'
486 3213 549 3260 nou
571 3194 613 3260 de
635 3195 781 3280 pluribus
804 3195 855 3261 dis
878 3194 1003 3261 dieitur.
1043 3193 1109 3260 Sed
1130 3194 1193 3260 huo
1216 3183 1356 3278 pertinet

232 3295 290 3361 illa
321 3316 448 3381 quoque
480 3315 599 3363 soaena
629 3297 831 3383 lepidissima
862 3296 979 3364 Baoeh.
1011 3298 1070 3363 115
1095 3318 1141 3381 sq.
1167 3297 1221 3363 ubi
1252 3297 1355 3362 Pisto·

234 3399 340 3464 olerus
362 3399 405 3464 ad
420 3398 546 3465 Ludum
570 3397 659 3481 dioit;
681 3399 776 3485 „(Hio
798 3399 937 3485 habitat)
960 3401 1058 3465 Amor
1074 3400 1231 3485 Voluptas
1247 3399 1355 3465 Venus

235 3500 396 3568 Venustus
411 3499 573 3568 Gaudium
593 3503 688 3568 loeus
712 3503 824 3569 Ludus
842 3501 954 3569 Sermo
970 3500 1217 3586 Suauisauiatio,
1224 3499 1248 3586 1)
1272 3520 1355 3585 quae

308 3693 327 3761 ¹)
345 3691 388 3746 De
408 3691 462 3746 hoe
481 3691 571 3746 verbo
595 3690 732 3745 disseruit
749 3689 785 3746 M.
796 3689 937 3760 Hauptius
960 3691 989 3745 in
1010 3690 1070 3745 ind.
1093 3690 1158 3745 leot.
1176 3689 1270 3746 Berol.
1290 3695 1355 3744 1856

235 3792 263 3844 p.
281 3783 309 3833 8:
337 3771 437 3844 „finxit
453 3776 573 3832 Plautus
599 3775 654 3832 hoo
672 3777 842 3833 vocabulum
866 3781 915 3830 aut
933 3776 1046 3844 aooepit
1064 3781 1148 3830 antea
1166 3770 1262 3830 fiotum
1283 3775 1356 3829 eins-

237 3862 300 3928 dem
319 3863 400 3918 vocis
420 3863 499 3931 quasi
511 3861 714 3931 geminatione:
732 3878 789 3917 non
803 3862 952 3918 dissimilia
964 3867 1031 3917 sunt
1048 3858 1223 3934 χελιχελώνη
1241 3859 1356 3928 ιιιΒθΙι-

235 3947 321 4003 kerns
341 3948 458 4016 scripsit
477 3949 506 4003 in
523 3949 644 4018 puellari
663 3947 797 4004 cantione
815 3963 833 4002 a
851 3948 972 4003 Polluoe
989 3947 1031 4002 IX
1050 3955 1081 4003 25
1101 3947 1193 4014 allata,
1212 3953 1270 4001 tum
1290 3942 1356 3999 Ari·

236 4035 386 4103 stephanis
409 4034 478 4090 illud
503 4033 711 4109 πονωπόνηρος
728 4033 903 4103 inVesp.÷v.
921 4041 971 4090 466
992 4038 1020 4089 et
1038 4033 1067 4088 in
1086 4035 1153 4105 Lys.
1175 4049 1203 4089 v.
1223 4035 1299 4102 350;“
1320 4022 1357 4086 oi.

235 4121 329 4186 Plauti
347 4120 394 4180 Ps.
413 4137 440 4177 v.
459 4128 499 4177 83.
517 4127 576 4178 888.
595 4127 653 4177 948.
