3224 4734
691 387 903 452 -2-49-

239 555 301 622 hoe
324 555 489 644 epitheton
505 555 654 622 Plautum
678 556 783 641 ipsum
806 558 943 644 primurn
967 559 1133 625 formasse.
1176 557 1359 642 cognomen

241 656 439 742 Obsequenti
460 679 523 726 non
539 660 568 725 ei
588 659 726 726 inditum
740 664 791 726 est
805 681 825 726 a
840 660 956 727 Plauto
979 661 1014 728 id
1029 661 1117 746 quod
1131 661 1255 728 Preller
1269 665 1361 746 putat

240 783 272 846 p.
294 761 374 844 558;
405 777 480 824 nam
512 755 601 824 Asin.
623 773 651 819 v.
676 755 738 821 716
765 755 923 839 legendus
956 761 1018 822 est:
1049 755 1172 841 „Quem
1202 761 1234 823 te
1265 757 1361 821 deum

241 868 350 930 autem
377 859 580 930 nominem‘?“
610 881 634 924 r:
665 859 871 944 „Fortunam
886 867 976 940 arque
999 857 1267 944 Obsequentem.“
1310 857 1364 925 Ad

240 966 415 1035 Fortunam
431 962 672 1047 Respicientem
695 961 836 1047 pertinet
852 961 942 1047 (iapt.
957 982 987 1028 v.
1002 964 1065 1030 834
1088 962 1130 1030 de
1153 983 1217 1047 quo
1232 961 1363 1029 Brinius

242 1068 336 1154 dieit;
359 1067 398 1134 ef.
421 1072 591 1153 praeterea
607 1065 704 1134 Poon.
727 1086 756 1132 v.
780 1065 807 1133 1.
830 1068 858 1130 2.
882 1067 952 1131 197.
995 1067 1115 1150 Magna
1135 1065 1216 1149 quin
1238 1085 1366 1132 summa

169 1255 171 1260 ι
242 1170 389 1258 potentia
411 1170 487 1236 huia
509 1170 593 1236 deae
620 1167 722 1253 orat·¹)
750 1173 783 1236 ot
808 1168 863 1234 vel
889 1166 1174 1252 prudentissimum
1202 1166 1363 1235 hominem

242 1276 386 1341 Fortuna
400 1272 626 1358 intellegentia
641 1275 673 1338 et
688 1270 823 1338 oonsilio
846 1276 992 1356 superat3
1002 1269 1028 1356 ²)
1049 1277 1137 1338 reete
1155 1270 1253 1355 igitur
1269 1271 1365 1337 Plau-

242 1381 295 1442 tus
317 1377 351 1442 in
374 1375 491 1442 Pseud.
513 1394 544 1443 r.
566 1377 626 1442 678
650 1371 742 1442 dioit:
770 1371 924 1458 „dentum
949 1373 1077 1439 dootnm
1104 1373 1270 1440 hominum
1292 1393 1366 1442 eon·

245 1479 320 1546 eilia
342 1481 412 1546 sola
434 1479 516 1546 haee
538 1478 681 1545 devineit
704 1476 767 1544 dea
791 1477 958 1561 Fortuna,“
990 1477 1202 1561 similiterque
1225 1477 1259 1543 in
1275 1477 1365 1563 Gapt

243 1604 272 1650 v.
291 1585 367 1650 304:
389 1584 550 1669 „Fortuna
572 1582 714 1648 humana
733 1580 823 1664 fingit
845 1585 993 1663 artatque
1016 1585 1051 1646 ut
1075 1579 1198 1665 lubet·,“
1220 1587 1254 1647 et
1269 1579 1365 1647 inter-

244 1687 320 1754 dum
343 1687 391 1770 tit,
412 1692 449 1752 ut
471 1685 617 1752 homines
640 1684 732 1750 ialiat
754 1691 787 1750 et
808 1682 944 1751 irrideat
966 1689 1001 1749 ut
1023 1689 1074 1751 ost
1095 1683 1128 1750 in
1143 1683 1233 1751 Asin.
1248 1701 1276 1750 r.
1290 1687 1367 1751 727:

244 1789 306 1873 „Ut
328 1807 533 1872 oonsuevsre,
555 1787 703 1854 homines
719 1786 813 1853 Salus
836 1787 1008 1853 frustratur
1026 1792 1059 1854 et
1074 1787 1247 1874 Fortuna;“
1273 1785 1366 1853 nimi·

245 1911 315 1957 rum
338 1890 548 1975 Argurippus'
573 1895 658 1956 sorte
690 1909 750 1955 sua
782 1909 845 1956 non
877 1894 1045 1956 contentus
1076 1909 1144 1956 rem
1172 1889 1365 1957 deteriorem

246 1993 326 2060 fauit
348 2013 445 2076 quam
467 2013 580 2060 revera
596 1997 656 2077 est3
678 2013 753 2060 nam
770 1989 866 2058 Salus
888 2012 947 2076 por
969 2011 1006 2059 se
1021 1989 1145 2059 homini
1166 2012 1284 2061 nocere
1299 2013 1363 2060 non

245 2102 358 2182 potest
402 2095 503 2163 Multa
525 2102 633 2162 autom
656 2095 848 2180 eognomina
871 2114 943 2161 eum
957 2095 1118 2163 Fortunae
1141 2100 1251 2162 essent
1272 2095 1361 2164 haud

222 2196 225 2208 ¹
245 2199 331 2267 male
354 2185 550 2284 uompositus
571 2204 621 2268 est
635 2203 732 2266 Poen.
746 2220 775 2265 v.
791 2199 822 2264 5:
835 2199 864 2264 2.
880 2200 935 2266 13:
957 2199 1095 2283 „Aliqua
1111 2199 1252 2264 Fortuna
1267 2199 1367 2266 fuerit

244 2301 385 2370 adiutrix
401 2301 494 2368 ·tibi.“
521 2301 632 2374 Pausa
653 2301 739 2369 addo
762 2301 805 2368 ad
829 2301 898 2370 Aul.
922 2320 1005 2367 vero.
1029 2302 1092 2366 100
1115 2321 1176 2386 sup:
1198 2299 1254 2386 „Si
1275 2301 1367 2368 Bona
1448 2317 1451 2326 ’

131 2419 133 2422 ·
243 2406 388 2472 Fortuna
418 2404 529 2472 veniat
555 2423 596 2471 ne
622 2403 865 2488 intromiseris,“
898 2439 936 2452 -
969 2402 1030 2470 hoo
1061 2404 1141 2470 dioit
1169 2403 1281 2474 Foelio
1300 2405 1394 2488 ‘qui‘

245 2528 355 2575 omnes
377 2507 526 2575 homines
548 2505 647 2590 fures
660 2526 733 2574 erse
756 2505 942 2592 suspicatur
964 2528 1018 2591 -;
1040 2507 1117 2592 „Pol
1138 2526 1180 2572 ea
1193 2505 1296 2593 ipsa,“
1318 2527 1369 2575 re-

246 2608 383 2696 spondet
410 2610 582 2696 Staphyla,
614 2610 734 2696 „oredo
755 2631 796 2677 ne
823 2607 1054 2676 intromittatur
1082 2613 1188 2695 eavet3
1218 2609 1303 2677 Nam
1325 2601 1369 2678 a‘d

179 2761 183 2770 .
245 2711 346 2778 aedes
360 2717 667 2797 nostrasnunquam
681 2711 759 2798 adia,
774 2732 971 2796 quamquam
986 2713 1148 2799 propest:“
1162 2712 1247 2779 huno
1263 2719 1369 2799 poste·
1387 2699 1391 2710 ¹

245 2815 362 2887 riorem
384 2834 513 2882 versum
536 2803 594 2887 adi
616 2817 681 2882 alio
694 2815 807 2902 modo,
828 2814 999 2901 Ussingius
1014 2836 1088 2882 mea
1103 2816 1266 2884 sententia
1279 2822 1369 2884 reete

245 2912 476 3006 interpretatus
498 2915 548 2988 est
570 2916 699 2992 diaeum
730 2920 898 3004 „quamvis
929 2918 1066 3004 (malimr
1095 2919 1233 3004 etiamsi)
1266 2940 1369 3007 prope

246 3022 314 3088 sit.“
357 3023 443 3088 Nam
465 3022 641 3089 Fortunam
672 3019 785 3087 domos
816 3021 1014 3105 singulorum
1041 3021 1205 3088 homiuum
1234 3018 1369 3092 visitare

246 3125 341 3191 modo
365 3125 418 3190 hio
440 3125 535 3191 modo
556 3123 625 3190 illio
648 3123 733 3190 hona
755 3143 815 3190 sua
841 3124 1033 3190 tribuentem
1058 3125 1195 3190 Romani
1219 3124 1297 3190 mihi
1320 3126 1369 3191 vi-

246 3229 362 3294 dentur
384 3232 516 3313 putasse
524 3227 548 3312 ³)
571 3246 631 3300 neo
653 3223 872 3294 necessarium
895 3231 945 3294 est
968 3226 1100 3295 eredere
1123 3228 1210 3312 quod
1224 3227 1367 3312 Wagner

246 3331 296 3416 ad
312 3330 397 3399 hune
422 3350 551 3397 veroum
573 3330 721 3404 adnotat:
748 3327 876 3414 „Thone
900 3333 1147 3396 commentatore
1169 3328 1244 3396 who
1267 3330 1369 3416 adopt

247 3435 302 3502 the
316 3433 452 3520 reading
467 3432 715 3522 ofB(quaquap
727 3452 768 3518 pe
784 3449 843 3500 e=
853 3450 1050 3516 quamquam
1065 3432 1210 3518 propert)
1227 3451 1367 3518 suppose

319 3643 338 3708 ¹)
365 3640 437 3706 Quin
473 3639 556 3695 etiam
583 3637 739 3695 Praeneste
766 3637 892 3693 Fortuna
917 3635 1088 3708 Primigenia
1118 3638 1209 3692 mutor
1235 3635 1314 3692 lovis
1342 3642 1372 3694 et

248 3723 364 3781 lunonis
384 3740 447 3781 esse
466 3725 633 3795 putabatur:
651 3723 760 3780 Prelier
777 3740 804 3792 p.
824 3728 882 3778 561.

317 3813 339 3879 ²)
357 3811 450 3879 „Nihil
469 3811 541 3866 eninr
561 3814 605 3866 est
623 3815 678 3865 tam
702 3806 872 3864 eontrarium
897 3807 1002 3864 rationi
1031 3811 1060 3863 et
1083 3807 1269 3863 eonstantiae.
1287 3821 1370 3875 quam

249 3895 375 3952 Fortuna
392 3900 424 3952 ut
442 3895 509 3951 mihi
527 3911 563 3952 ne
581 3896 610 3950 in
628 3895 711 3951 deum
731 3894 845 3966 qnidam
869 3893 973 3950 eadere
1001 3893 1135 3949 videatur
1160 3898 1191 3948 ut
1209 3894 1283 3949 soiat
1301 3887 1383 3964 quid

249 3997 319 4039 nasu
337 3986 367 4038 et
384 3981 504 4038 fortuito
523 3981 631 4038 fantum
649 3981 715 4036 sit‘:
735 3980 793 4036 Cio.
814 3981 851 4036 de
870 3980 959 4036 divin.
977 3979 1015 4035 11.
1035 3988 1059 4037 t.
1078 3986 1119 4037 18·
1228 3995 1231 4002 ·

318 4072 340 4138 ³)
358 4068 400 4127 ef.
418 4070 572 4136 Querolnm
594 4084 622 4138 p.
640 4075 682 4134 42,
702 4076 747 4124 11:
774 4067 871 4137 Ipsam
889 4067 998 4122 Bonam
1016 4067 1046 4120 F.
1066 4066 1234 4122 elementem
1257 4065 1371 4134 pulsan-

250 4160 365 4226 temque
383 4156 469 4212 hodie
487 4169 569 4211 nemo
589 4155 694 4210 audiat.

1201 4245 1219 4291 4
