3224 4734
684 401 897 468 „35-

226 568 371 656 „Cupido
387 569 645 637 inconsideratae
661 576 711 638 est
726 571 938 650 necessitatis,
962 591 1053 637 amor
1072 571 1230 660 iudicii¹)“
1252 572 1313 638 hue
1329 593 1350 638 a

224 671 340 737 Plauto
357 673 562 740 observatum
586 693 660 740 esse
682 674 874 758 videbimus,
897 695 937 740 ea
962 673 1088 742 seilicet
1102 674 1291 742 condicione
1316 697 1353 758 ut

224 774 385 840 coniuncti
416 775 487 843 sint.
533 777 615 842 Nam
640 775 695 844 ubi
717 778 770 843 vel
794 777 920 861 Cupido
943 779 996 844 vel
1019 778 1117 843 Amor
1139 778 1227 844 solus
1250 779 1350 844 nomi·

227 882 398 962 natusest,
421 878 482 944 hoc
505 877 679 945 discrimen
702 879 825 946 servari
848 899 952 964 neque
975 877 1193 948 necessarium
1222 887 1352 948 estnec

227 999 357 1066 semper
370 981 481 1066 potuit.
515 981 657 1047 Primum
681 983 829 1049 conferas
844 984 965 1050 Persae
980 1003 1109 1051 versum
1120 985 1173 1050 24:
1196 983 1352 1063 „Saucius

224 1085 329 1150 iactus
361 1103 431 1150 sum
463 1084 497 1150 in
520 1085 655 1152 Veneris
683 1086 823 1172 proelio:
846 1087 973 1170 Sagitta
1004 1105 1058 1152 cor
1090 1085 1214 1172 Cupido
1247 1108 1353 1154 meum

225 1187 403 1253 transfixit“
430 1193 464 1253 et
489 1187 576 1254 Asin.
598 1209 628 1254 v.
654 1191 727 1254 156:
752 1189 872 1268 „Fixus
895 1188 948 1254 hic
970 1189 1058 1273 apud
1080 1209 1140 1255 uos
1160 1194 1211 1254 est
1224 1190 1352 1256 animus

228 1295 303 1356 tuos
326 1292 419 1356 olavo
443 1289 634 1374 Cupidinis“
657 1291 855 1376 quaeverba
877 1291 920 1356 ad
935 1292 1033 1358 Nonii
1055 1291 1353 1376 interpretationem

228 1393 455 1460 illustrandam
479 1413 541 1460 uon
564 1393 645 1459 nihil
668 1395 811 1460 afferunt.
855 1394 983 1461 Deinde
1011 1395 1144 1460 Plautus
1170 1393 1350 1461 rectissime

227 1496 306 1561 dicit
328 1495 362 1561 in
386 1496 479 1564 Cure.
502 1516 532 1562 v.
554 1498 588 1562 3:
621 1494 712 1575 „Quo
736 1496 844 1561 Venus
868 1496 1058 1580 Cupidoque
1090 1497 1252 1582 imperant
1280 1516 1351 1584 sua·
1409 1565 1411 1572 ,

226 1600 346 1683 detque
370 1601 503 1666 Amor:“
527 1619 603 1664 uam
620 1597 757 1665 dicendo
775 1598 976 1684 „imperant“
992 1598 1182 1666 violentiam
1206 1602 1354 1685 ostendit,

229 1703 384 1782 „suadet“
407 1701 558 1768 addendo
580 1701 833 1767 moderationem
858 1701 1024 1784 signifieat,
1047 1707 1081 1767 nt
1103 1704 1186 1770 bene
1209 1704 1352 1789 explicat

229 1804 359 1870 Servius
390 1806 441 1870 ad.
462 1806 543 1870 Aen.
566 1803 584 1869 l.
613 1808 643 1869 4.
667 1805 737 1870 194.
783 1804 941 1870 Venerem
968 1809 1077 1870 autem
1104 1810 1136 1871 et
1159 1805 1350 1891 Cupidinem

231 1905 316 1970 idem
341 1906 406 1972 lere
430 1926 513 1991 esse,
535 1906 625 1972 Asin.
648 1925 912 1990 quoqueversus
935 1908 1001 1972 803,
1022 1906 1172 1974 ostendit:
1197 1912 1301 1990 „Tum
1326 1909 1353 1973 si

232 2026 364 2076 coronas
397 2003 484 2094 serta
515 2013 679 2092 unguenta
717 2009 849 2075 iusserit
879 2010 1040 2076 Ancillam
1072 2010 1192 2076 Veneri
1228 2011 1354 2078 deferre

215 2118 294 2178 ‘aut
325 2111 476 2198 Cupidini
501 2163 507 2178 .
531 2119 570 2192 .;‘¹
605 2112 643 2179 ot'.
676 2112 795 2179 Catulli
827 2132 923 2178 carm.
955 2113 1003 2180 36.
1037 2114 1070 2194 33
1102 2115 1151 2179 13.
1185 2116 1251 2204 123¹
1271 2113 1355 2184 huno

229 2220 338 2282 autem
363 2214 557 2301 Cupidinem
589 2235 662 2280 esse
695 2213 955 2281 inconsideratae
978 2216 1183 2282 necessitatis
1215 2215 1355 2282 illustrat

227 2318 369 2403 perbene
393 2319 726 2384 :teramnensem
754 2316 803 2397 ,30
826 2317 950 2402 Cupido
974 2324 1113 2401 quantus
1137 2339 1180 2386 es.
1212 2319 1297 2384 Nam
1320 2326 1355 2383 tu

226 2422 373 2504 quemvis
385 2421 595 2487 confidentem
612 2418 710 2486 facile
732 2421 796 2484 tuis
819 2419 914 2485 factis
938 2421 1018 2486 facis
1034 2421 1179 2487 Eundem
1204 2441 1245 2488 ex
1261 2421 1354 2512 conli-

227 2522 321 2590 dente
354 2528 497 2588 actutum
530 2521 731 2589 diffidentem
764 2521 900 2587 denu0.“
954 2521 1047 2608 Apud
1079 2523 1242 2618 Romanos
1274 2542 1351 2588 vero
1472 2605 1474 2610 Ι

225 2626 334 2690 Amori
359 2632 391 2692 et
414 2624 594 2721 Cupidini2)
617 2625 795 2709 antiquitus
811 2623 913 2690 divini
929 2624 1068 2691 honores
1085 2646 1147 2691 non
1168 2631 1242 2691 sunt
1257 2627 1355 2693 tribu-

225 2729 259 2814 ti,
281 2730 340 2795 sed
363 2732 462 2796 Amor
484 2749 556 2794 cum
581 2731 778 2795 Graecorum
792 2717 920 2814 ”Eposo
943 2732 976 2793 et
998 2729 1124 2814 Cupido
1148 2749 1221 2794 cum
1234 2718 1351 2816 Ἶμέρῳ

211 2834 280 2900 'vel
302 2826 412 2919 Πόθῳ
435 2838 620 2921 congruont,
643 2831 698 2916 qui
720 2832 753 2897 in
777 2832 979 2918 mythologie
999 2833 1168 2898 comoedia
1184 2817 1354 2920 tragoedia

227 2935 366 3002 Graeca
386 2956 486 3021 saepe
517 2935 610 3000 nobis
630 2940 817 3023 occurrunt:
849 2934 895 3004 Cl.
919 2933 1035 3000 Aesoh.
1058 2935 1170 3022 Suppl.
1193 2958 1221 3001 v.
1255 2937 1351 3001 1005:

226 3037 430 3104 Mendacium
440 3036 476 3104 δὲ
485 3032 568 3125 φίλᾳ
583 3033 683 3124 ματρὶ
695 3029 871 3123 (Κύπριδι)
887 3031 1043 3123 πάρεισιν
1056 3031 1175 3115 Πόθος
1191 3022 1214 3126 ᾇ
1232 3026 1355 3110 τὀὗδὲν
1425 3069 1428 3079 ·
1451 3035 1453 3040 ’

227 3132 374 3228 daueros
403 3139 532 3207 τελέθει
562 3137 718 3226 θέλκτορι
753 3142 891 3212 Πειθοῖ.
948 3141 1054 3207 Simili
1089 3141 1183 3206 modo
1221 3142 1378 3206 Plautus.

226 3247 318 3313 Most.
349 3267 378 3312 v.
411 3247 473 3311 163
503 3245 655 3309 Amorem
688 3248 720 3310 et
752 3243 945 3329 Cupidinem
979 3244 1116 3310 sociavit
1152 3263 1213 3310 neo
1244 3243 1354 3309 Venus

225 3349 300 3435 ipsa
322 3349 435 3435 procul
456 3349 562 3432 abest,
593 3346 628 3412 id
651 3346 738 3429 quod
761 3347 857 3412 eade
883 3366 982 3412 causa
1004 3347 1074 3412 sine
1097 3345 1195 3414 dubio
1219 3347 1295 3412 feeit
1320 3352 1355 3411 ut

145 3469 148 3478 ⁴
226 3456 326 3517 totam
348 3451 468 3518 amoris
492 3455 524 3516 et
545 3445 689 3515 libidinis
705 3448 771 3514 vim
795 3453 827 3514 et
841 3449 1020 3534 potentiam
1044 3449 1249 3532 significaret.
1287 3450 1351 3513 Ru-

226 3555 333 3620 dentis
355 3554 486 3622 fabulae
508 3573 637 3620 versum
654 3554 729 3618 704:
752 3551 934 3632 „Venerem
950 3571 991 3618 ex
1007 3551 1130 3617 concha
1145 3555 1254 3616 natam
1277 3569 1351 3618 esse

297 3744 316 3810 ¹)
335 3740 378 3797 Cf.
396 3729 544 3795 Afranium
563 3740 592 3793 in
612 3739 721 3794 Omine:
751 3739 855 3793 amabit
882 3738 1004 3806 septena
1033 3737 1148 3804 cupient
1175 3738 1274 3802 oeteri;
1305 3737 1340 3794 cf.

226 3827 367 3884 Ritschel.
387 3842 434 3895 op.
451 3827 488 3892 Π,
508 3843 534 3894 p.
546 3833 595 3881 327
614 3840 655 3893 sq.
674 3854 708 3862 —
723 3825 803 3887 ,Beue
823 3823 928 3878 dicitur
941 3823 1052 3891 Cupido
1067 3822 1207 3877 aCatullu
1221 3824 1248 3878 in
1260 3839 1342 3877 earm.

161 3925 165 3938 ·
228 3920 269 3968 68.
290 3919 339 3967 183
358 3913 451 3982 (Ellis)
470 3912 545 3965 ‘hine
564 3911 641 3965 illinc
659 3909 900 3974 circumcursaus‚'
920 3914 1037 3962 amatam
1057 3907 1207 3962 mulierem.
1334 3897 1338 3904 ’

295 3999 318 4066 ²)
339 3997 413 4053 Vide
433 4003 525 4052 tamen
543 3995 688 4067 speculum
706 3995 735 4048 iu
754 3995 784 4050 C.
802 3995 825 4052 1.
844 3996 873 4050 L.
892 3994 914 4048 1.
934 3999 965 4048 58
985 4010 1012 4061 p.
1031 4001 1063 4048 26
1083 3991 1165 4047 nobis
1184 3999 1343 4049 servatum:

226 4083 373 4142 CVPIDC.
403 4081 534 4138 VENOS.
563 4073 978 4148 VITORIA.R1'r...quou
1005 4085 1073 4148 post
1099 4077 1218 4148 primum
1247 4079 1349 4134 bellum

226 4170 364 4224 Punicum
382 4174 459 4223 certe
477 4183 534 4222 nou
553 4167 658 4222 factum
678 4170 730 4220 est.

1170 4246 1200 4304 8*
