3224 4734
668 414 879 476 ...17-

210 605 324 652 manos
347 583 488 671 (Grimm
510 581 666 649 deutsche
689 582 789 666 Myth.
812 604 841 667 p.
864 581 971 648 XLIV
994 582 1051 667 ai.)
1075 589 1107 648 et
1129 583 1217 667 apud
1236 582 1336 648 Asiae

181 731 185 738 -
211 688 350 772 populos
373 685 540 772 (Weleker
571 687 590 752 1.
613 686 632 751 i.
655 707 686 770 p.
716 689 790 769 171,
821 685 859 751 Η.
883 686 917 750 L.
940 685 1066 752 Ahrens
1093 686 1134 752 de
1165 684 1336 752 duodeeim

212 791 284 855 deis
315 787 458 855 Platonis
479 811 510 874 p.
532 789 572 854 21
607 809 653 872 sq.
685 788 758 854 adu.
791 789 842 854 18.
876 787 928 872 19)
959 787 1006 853 110
1037 793 1072 853 01
1102 787 1187 854 huno
1217 789 1337 853 uultum

213 893 369 958 Romanis
390 911 530 975 unquam
554 891 698 957 defuisse
728 889 782 955 vix
814 889 969 957 credibile
1002 890 1052 956 sit.
1096 890 1133 956 Iu
1164 889 1249 957 hane
1281 910 1338 956 au-

214 1001 281 1060 tem
302 1016 370 1061 rem
392 994 473 1060 nihil
494 992 678 1080 profluimus
700 993 848 1060 versibus
871 993 988 1059 Baeeh.
1011 995 1073 1059 892
1096 1013 1157 1076 sq:
1187 993 1258 1078 „Ita
1284 1013 1336 1059 me

210 1098 359 1183 Iuppiter
380 1098 460 1164 Iuno
483 1097 580 1163 (teres
603 1097 749 1163 Minerva
764 1097 847 1181 Spes
865 1096 990 1162 Latona
1008 1094 1088 1182 Opis
1103 1095 1212 1161 Virtus
1228 1096 1337 1162 Venus

215 1199 328 1266 Castor
358 1201 507 1266 Polluees
537 1201 626 1265 Mars
657 1199 834 1265 Mereurius
866 1199 1022 1266 Hercules
1058 1199 1250 1264 Summanus
1281 1197 1338 1264 Sol

213 1303 371 1369 Saturnus
385 1303 485 1386 dique
500 1299 613 1369 omues
628 1308 750 1386 ament,
775 1301 819 1368 Ut
841 1321 913 1367 eum
928 1301 986 1366 ilia
1001 1321 1106 1386 neque
1122 1299 1339 1384 orbataeque

214 1405 386 1471 ambulat.“
421 1406 506 1472 Nam
530 1404 684 1472 Grusalus
715 1424 788 1470 eum
811 1403 899 1487 quod
931 1403 993 1471 sibi
1011 1404 1271 1488 i'ngratissumum
1298 1403 1340 1467 sit

214 1507 384 1592 audiverit,
407 1528 519 1574 omnes
541 1497 621 1574 deos
643 1507 783 1575 adroeat
804 1507 859 1591 qni
883 1507 913 1574 ei
937 1506 981 1573 ad
1002 1511 1130 1593 tempus
1153 1511 1341 1573 sueeurrunt

213 1630 336 1700 eosque
368 1611 455 1677 omni
480 1611 549 1677 fere
580 1611 692 1678 ordine
723 1611 830 1678 deleto
861 1611 945 1677 inter
968 1630 1003 1675 se
1035 1611 1181 1677 ooneotit.
1225 1609 1341 1694 Neque

213 1718 322 1780 tamen
337 1714 624 1799 praetermittenda
639 1720 689 1782 est
699 1719 923 1798 quamvooaut
932 1712 1115 1802 alliteratio,
1126 1731 1210 1798 quae
1227 1717 1340 1796 quater

213 1817 248 1880 in
270 1817 333 1881 hae
356 1816 489 1881 deornm
512 1817 742 1901 eompositione
765 1816 913 1882 adhibita
939 1822 1003 1883 est:
1023 1817 1169 1904 Iuppiter
1195 1816 1276 1882 Iuno
1299 1852 1342 1863 -

216 1918 327 1984 Virtus
351 1918 461 1984 Venus
474 1907 517 1967 '-
532 1919 618 1986 Mars
634 1920 812 1998 Merourius
826 1958 869 1970 -
884 1919 1079 1987 Summanus
1102 1919 1158 1988 Sol
1174 1921 1341 2007 Satnmus.

218 2022 296 2088 Tria
318 2023 433 2090 ultima
453 2025 554 2091 verba
575 2024 689 2090 initum
711 2044 825 2090 versus
842 2024 983 2091 Satur-nii
1004 2043 1077 2092 esse
1099 2031 1234 2110 possunt
1256 2021 1342 2091 unde

217 2125 245 2189 si
268 2125 516 2193 alliteratiouem
548 2147 677 2212 quoque
709 2127 901 2213 respieimus
932 2127 974 2193 de
1006 2127 1197 2211 antiquitate
1227 2126 1341 2212 horum

157 2241 161 2248 ·
215 2226 349 2293 deorum
372 2230 508 2296 fortasse
532 2232 716 2296 eonieotura
739 2230 808 2296 heri
830 2235 950 2316 potest3
972 2229 1049 2296 vide
1072 2230 1170 2296 etiam
1191 2229 1277 2295 infra
1298 2229 1342 2295 ad

216 2330 434 2396 Summanum.
468 2331 517 2398 De
540 2332 605 2397 alio
627 2333 699 2399 1000
723 2333 838 2399 Βο001.
860 2354 890 2398 v.
908 2334 968 2399 115
992 2333 1047 2400 ubi
1063 2332 1194 2398 nomina
1208 2333 1341 2399 deorum

216 2433 324 2501 ioeose
354 2439 562 2502 reeensentur
591 2435 677 2501 infra
706 2435 831 2502 dieetur
861 2456 891 2520 p.
915 2437 957 2501 50
984 2457 1031 2520 sq.
1067 2436 1202 2502 Graecis
1232 2439 1342 2504 autem

216 2535 297 2602 nihil
319 2537 470 2604 usitatius
491 2538 592 2603 fnisse
616 2558 712 2621 quam
734 2539 823 2622 loqui
848 2538 890 2604 de
910 2531 1037 2604 δώδεκα
1059 2541 1154 2614 θεοῖς
1175 2536 1343 2606 comoedia

217 2639 322 2725 dooet3
353 2639 428 2706 vide
450 2641 715 2726 Aristophontem
737 2642 826 2727 apud
847 2640 943 2722 Mein.
973 2663 1002 2726 p.
1024 2642 1096 2728 618,
1119 2641 1215 2707 Arist
1238 2642 1343 2724 Equit.

217 2763 246 2808 v.
269 2746 345 2828 235,
367 2745 425 2808 Av.
448 2762 477 2809 u.
500 2745 555 2828 95,
576 2744 620 2809 ad
642 2765 737 2828 quem
762 2745 973 2831 posteriorem
989 2766 1119 2812 versum
1141 2745 1237 2810 Koek
1260 2745 1344 2811 bene

218 2853 252 2911 ut
282 2846 412 2912 videtur
442 2847 610 2911 adnotavit
640 2848 674 2913 in
706 2849 870 2933 proverbii
907 2848 1177 2940 consuetudinem
1215 2849 1344 2915 venisse
1444 2868 1448 2877 ·

218 2947 298 3014 iliud
316 2943 358 3014 :oi
373 2942 500 3014 deideuoc
523 2943 728 3015 3001001000
746 2971 801 3017 σοι
815 2951 902 3016 δοῖεν
916 2940 1062 3038 τάγαθά,
1079 2971 1163 3035 quae
1186 2951 1345 3018 sententia

217 3051 273 3117 1110
298 3052 525 3136 Aristophanis
547 3053 753 3120 1000100000
777 3052 903 3120 detorta
925 3055 1036 3121 0011οε
1059 3049 1113 3136 „oi
1127 3047 1253 3120 δώδεκα
1268 3051 1346 3120 θεοὶ

218 3147 344 3246 εἴξασιν
373 3147 555 3239 ἐπιτρῖψαί
585 3157 652 3219 oa“
704 3154 854 3220 Proxime
885 3157 929 3222 ad
965 3157 1053 3222 illius
1086 3156 1248 3242 proverbii
1279 3157 1344 3221 vim

218 3255 344 3322 aeeedit
375 3255 512 3321 Plautus
546 3275 618 3321 eum
650 3257 783 3323 soribat:
820 3258 1008 3343 „duodecim
1043 3259 1077 3325 di
1110 3297 1151 3308 —
1182 3258 1346 3324 adiutores

219 3359 320 3425 sunt.“

305 3463 413 3556 Mores
444 3467 552 3527 autem
575 3467 608 3529 et
642 3464 745 3529 vitam
780 3463 913 3530 deorum
950 3467 1110 3552 quomodo
1143 3466 1277 3530 Plautus
1314 3469 1346 3532 et

219 3564 389 3632 Terentius
412 3563 645 3650 descripserint
662 3568 891 3634 enarrantibus
903 3569 996 3635 nohis
1013 3568 1150 3634 maxime
1166 3567 1345 3632 oavendum

219 3667 288 3750 erit,
310 3687 351 3732 00
374 3668 482 3734 omnia
505 3689 588 3752 quae
611 3669 645 3734 in
669 3690 780 3736 eorum
802 3670 921 3736 fabulis
944 3671 986 3736 de
1009 3669 1072 3736 diis
1094 3670 1234 3754 legimus
1257 3669 1368 3754 ipsos-

219 3769 376 3856 probasse
399 3771 578 3855 eodemque
611 3772 706 3840 modo
737 3772 780 3838 de
810 3772 862 3838 his
895 3773 992 3851 rebus
1016 3773 1159 3839 sensisse
1188 3780 1347 3858 putemus.

219 3873 322 3938 Multa
352 3873 437 3938 enim
468 3895 528 3958 per
558 3873 663 3938 ioeum
692 3875 813 3958 soripta
844 3882 932 3960 sunt,
964 3875 1032 3940 aiia
1064 3896 1106 3941 ex
1137 3895 1346 3962 personarum

179 4041 184 4050 ,
219 3975 350 4059 ingenio
374 3966 459 4058 quae
481 3976 628 4042 loonntur
658 3976 877 4060 expedienda:
908 3978 947 4045 of.
977 3999 1004 4045 e.
1032 3999 1058 4045 o.
1080 3980 1132 4045 Ρο.
1155 3999 1184 4048 u.
1214 3981 1347 4062 19000.
1470 4035 1474 4044 .

220 4082 297 4166 8443
320 4078 397 4146 Cist.
420 4099 449 4146 v,
473 4081 500 4146 1.
524 4082 552 4146 1.
575 4080 629 4163 543
655 4079 821 4150 00001.
844 4082 1009 4167 5.15,40;
1035 4081 1152 4169 Amph.
1167 4084 1239 4166 282,
1256 4083 1347 4172 10513

222 4183 319 4247 Poen.
343 4185 370 4248 2.
394 4182 435 4246 14
458 4203 518 4267 sq.;
541 4205 581 4249 m.
606 4203 649 4266 a.;
671 4186 828 4250 nonnulla
851 4205 936 4268 quae
959 4185 1023 4252 hue
1044 4186 1205 4270 portinent
1232 4190 1348 4270 poetae

466 4311 470 4318 ·
1139 4296 1155 4342 a
