3224 4734
321 1189 418 1292 Cum
449 1223 596 1308 iamper
623 1223 747 1308 aliquot
769 1229 898 1308 tempus
931 1224 1084 1289 Plautum
1107 1221 1359 1305 Terentiumque

234 1328 424 1390 tractasscm
448 1330 545 1408 atque
568 1326 819 1410 adamavissem,
843 1345 924 1409 opus
946 1325 1024 1390 mihi
1048 1345 1111 1391 non
1127 1324 1240 1392 inutile
1262 1329 1295 1390 et
1317 1324 1361 1389 le·

234 1424 438 1510 pidissimum
460 1447 533 1494 esse
555 1427 725 1493 videbatur
747 1447 924 1512 exponere,
948 1426 1027 1510 qnid
1049 1427 1083 1491 hi
1105 1432 1221 1510 poetae
1245 1425 1286 1490 de
1308 1425 1359 1490 dis

234 1529 397 1611 rebusque
420 1529 537 1596 divinis
560 1530 738 1596 sensissent
760 1535 792 1596 ct
815 1531 1011 1595 statuissent.
1044 1529 1133 1607 Quas
1150 1527 1359 1611 quaestiones

235 1632 267 1695 in
290 1631 342 1696 his
365 1633 445 1715 ipsis
468 1632 572 1716 poetis
596 1651 634 1698 eo
650 1631 805 1716 putabam
825 1649 899 1697 esec
916 1631 1075 1714 gravioris
1090 1632 1252 1715 momenti,
1275 1629 1362 1712 quod

236 1754 276 1800 ea
298 1739 407 1800 aetate
428 1734 613 1818 floruerunt,
645 1755 709 1816 qua
736 1733 841 1817 magis
865 1734 1043 1818 magisque,
1076 1739 1111 1799 ut
1143 1734 1256 1800 Cicero
1287 1733 1360 1798 loco

237 1836 376 1919 quodam
400 1837 485 1920 dicit,
507 1836 805 1903 abundantissimus
828 1837 932 1903 amnis
956 1837 1157 1904 Graecarum
1180 1836 1297 1902 aruum
1328 1841 1361 1900 et

237 1938 413 2005 litterarum
451 1945 482 2007 et
518 1941 746 2024 cogitationum
784 1940 818 2004 in
858 1945 984 2023 agreste
1022 1939 1149 2006 Latium
1182 1936 1366 2020 influeret.¹)

237 2043 351 2127 Neque
377 2047 485 2108 tamen
511 2043 640 2109 etiamsi
668 2043 816 2108 Romana
838 2043 953 2126 religio
976 2048 1155 2126 temporum
1183 2061 1277 2107 cursu
1304 2059 1364 2124 per

239 2146 382 2210 Graecos
405 2150 586 2230 permutata
617 2150 679 2230 est,
702 2145 736 2211 id
765 2144 851 2230 quod
873 2146 976 2230 primo
1011 2166 1041 2228 p.
1067 2146 1140 2211 Chr.
1170 2165 1199 2208 n.
1232 2142 1362 2208 saeculo

237 2249 414 2328 perfeetum
438 2267 511 2314 csse
529 2248 685 2333 videmus,
707 2249 876 2332 opiniones
892 2247 981 2330 volgi
999 2267 1019 2312 a
1035 2246 1210 2313 maioribus
1225 2245 1369 2310 traditae
1428 2245 1431 2250 '

238 2357 270 2414 et
293 2355 453 2415 vetustate
469 2356 618 2416 sacratae
634 2355 766 2435 repente
783 2351 841 2415 sed
859 2350 1030 2435 paullatim
1047 2349 1141 2415 modo
1157 2349 1242 2414 aliae
1259 2347 1364 2418 iactae

239 2458 319 2517 sunt.
364 2451 449 2530 oure
471 2458 579 2518 autem
612 2454 655 2518 ad
677 2453 737 2518 hus
767 2453 939 2519 mutandas
966 2457 1094 2536 praeter
1125 2449 1364 2536 philosophiam

239 2555 393 2618 maiorem
416 2556 481 2619 vim
505 2555 658 2622 habuisse
681 2561 776 2640 putas
802 2575 898 2637 quam
921 2554 1061 2620 mediam
1085 2573 1169 2637 qnae
1196 2553 1313 2618 dicitur
1334 2557 1371 2618 et

239 2657 448 2722 recentiorem
471 2659 671 2724 comoediam
695 2659 835 2737 atticam,
858 2657 948 2722 euius
971 2677 1012 2723 cx
1034 2657 1158 2722 fabulis
1182 2675 1255 2721 cum
1270 2655 1366 2720 Plau·

240 2765 292 2824 tus
320 2764 352 2824 ct
374 2759 543 2825 Terentius
567 2779 642 2826 suas
666 2760 937 2844 composuissent,
960 2759 1028 2824 fieri
1051 2780 1115 2824 non
1142 2762 1268 2843 poterat
1290 2758 1366 2841 quin

240 2862 336 2927 etiam
360 2863 392 2927 in
415 2864 511 2929 rebus
535 2863 652 2927 divinis
675 2863 763 2927 illius
792 2862 981 2928 comoediae
1006 2866 1119 2946 poetas
1143 2880 1242 2946 saepe
1265 2860 1367 2926 secuti
1419 2876 1422 2887 ·

241 2964 350 3026 multis
372 2963 453 3026 locis
477 2963 602 3026 Graeca
625 2982 696 3026 cum
724 2963 884 3028 Romanis
914 2963 1087 3029 miscerent
1112 2971 1210 3047 atque
1237 2963 1367 3028 confun-

242 3061 393 3145 derent.²)
437 3061 571 3126 Plautus
594 3081 673 3126 vero
698 3082 769 3127 cum
793 3065 946 3130 Terentio
969 3072 1188 3150 comparatus,
1212 3085 1275 3150 qua
1298 3067 1368 3130 erat

242 3185 449 3194 -——-.-——--

311 3234 330 3302 ¹)
349 3230 444 3288 Livius
463 3231 500 3288 ad
513 3247 619 3286 annum
631 3239 680 3288 213
699 3249 722 3286 a.
737 3231 799 3288 (ihr.
812 3251 840 3287 11.
859 3233 910 3304 (25.
931 3237 964 3304 1.)
978 3235 1032 3289 hoc
1044 3235 1143 3290 tradit:
1157 3237 1255 3300 „tanta
1268 3230 1367 3301 religio

241 3322 270 3376 et
289 3337 324 3376 ea
340 3337 448 3390 magna
465 3320 599 3390 exparte
619 3322 735 3376 externa
753 3318 900 3375 civrtatem
918 3321 1042 3384 incessit,
1061 3326 1093 3377 ut
1111 3325 1159 3376 aut
1170 3319 1297 3375 homines
1317 3319 1368 3374 aut

242 3407 415 3478 derepente
435 3404 782 3462 aliividercnturlacti:“
810 3424 894 3475 quam
917 3407 1089 3462 sententiam
1110 3425 1168 3462 non
1190 3407 1227 3460 ad
1253 3403 1369 3460 verbum

242 3493 438 3562 accipiendam
457 3508 519 3547 esse
537 3494 664 3562 apparet.
1223 3547 1225 3554 ,

309 3578 331 3646 ²)
350 3577 389 3633 Cf.
408 3575 513 3632 Nissen
531 3577 562 3631 in
580 3577 670 3632 libelli
688 3593 772 3645 quem
786 3576 932 3650 inscripsit
949 3579 1016 3642 „das
1035 3578 1202 3649 'Templum‘
1219 3593 1286 3646 pag.
1306 3579 1367 3631 106ε

241 3651 361 3725 „italien
378 3661 416 3718 ist
433 3663 514 3716 nieht
532 3662 583 3716 das
604 3660 694 3716 Gluck
713 3681 746 3717 zu
766 3663 847 3717 Theil
866 3664 1027 3734 geworden,
1047 3663 1110 3717 dass
1131 3661 1206 3716 scine
1226 3663 1320 3732 Sagen
1337 3657 1369 3715 in

244 3747 322 3802 einer
339 3746 439 3805 lriihen
458 3747 517 3804 Zeit
536 3748 577 3802 als
598 3746 639 3802 sie
657 3749 732 3802 noch
749 3749 812 3802 rein
830 3750 890 3803 und
909 3748 1089 3820 ungemischt
1112 3763 1161 3802 uus
1186 3747 1251 3802 dem
1268 3745 1368 3801 Vollrs-

241 3833 329 3888 mund
341 3831 450 3898 flossen,
462 3833 511 3888 der
523 3834 681 3888 Litteratur
693 3833 861 3890 einverleibt
872 3835 1003 3903 wurdcn;
1021 3832 1156 3888 vielmehr
1166 3831 1217 3888 hat
1228 3832 1274 3888 die
1288 3833 1368 3886 ilber-

241 3917 386 3988 miichla'ge
404 3915 588 3989 Einwirkung
606 3919 655 3975 des
675 3918 865 3975 Hellenismus
884 3919 924 3976 sie
939 3913 1068 3975 'vielfach
1080 3919 1292 3990 umgewandelt
1309 3917 1368 3972 und

241 4005 434 4076 umgedeutet,
455 4005 504 4059 dor
521 4005 748 4061 Euhcmerismus
768 4005 818 4060 der
841 4005 1046 4061 Schriftsteller
1071 4006 1112 4064 sie
1137 4005 1294 4062 verfalscht
1311 4003 1369 4060 und

244 4091 400 4146 entstellt“
1187 4155 1190 4162 Α

1165 4189 1177 4233 l
