3224 4734
727 273 939 375 ..48-

263 503 395 572 ¹Grimm
411 503 441 569 d.
457 503 496 568 M.
519 524 551 588 p.
567 451 644 586 itii)
674 505 705 566 et
721 517 820 584 saepe
844 496 958 563 eodem
979 493 1048 559 fere
1071 511 1166 558 sensu
1193 495 1398 577 ponerentur,

271 608 353 672 bene
391 605 586 690 compositus
619 609 668 670 est
698 601 816 668 Bacch.
847 621 877 666 v.
908 598 984 664 255:
1016 595 1195 679 „Volcanus
1227 595 1320 696 Luna
1341 595 1397 660 Sol

270 709 350 774 Dies
362 707 395 773 di
412 712 548 790 quatuor
557 706 783 773 Scelestiorem
794 706 915 772 nnllum
930 701 1075 768 inluxere
1090 698 1257 771 alterum,“
1286 704 1398 768 Restat

269 810 426 876 Rudentis
455 829 568 875 versus
603 810 665 878 761
697 829 760 892 quo
794 809 927 876 Plautus
958 810 1137 877 Labracem
1172 810 1322 876 lenonem
1349 806 1395 872 di·

271 917 396 980 centem
412 911 514 977 finxit:
541 911 737 995 „Volcanum
752 903 921 996 adducam,
943 912 972 978 is
988 912 1138 982 Venerist
1161 907 1397 978 advorsa1·ius.“

272 1017 365 1082 Hanc
397 1015 543 1082 fabulam
574 1019 671 1100 poeta
697 1035 718 1080 a
741 1015 875 1082 Graecis
896 1016 1072 1082 transtulit:
1102 1015 1256 1081 Romanis
1288 1014 1398 1098 ignota

99 1171 103 1180 .
164 1130 167 1136 ’
272 1123 354 1204 erat;
379 1118 542 1184 Volcanus
566 1119 651 1184 enirn
674 1137 715 1184 ex
730 1139 793 1202 quo
808 1118 968 1186 Venerem
991 1139 1125 1186 uxorem
1147 1140 1239 1185 suam
1259 1117 1292 1183 in
1308 1116 1399 1182 adul-

162 1249 164 1256 ·
275 1221 357 1286 terio
381 1242 453 1287 curn
476 1221 579 1286 Marte
611 1221 889 1306 deprehenderat,
921 1222 1049 1306 coniugi
1080 1242 1159 1288 snae
1189 1220 1400 1295 vehementer

273 1323 483 1408 irascebatur,
507 1322 592 1406 quod
608 1325 743 1390 Martem
766 1323 845 1389 belli
867 1324 963 1389 deum
987 1325 1107 1390 eximia
1121 1325 1225 1391 forrna
1239 1321 1398 1406 insignem

274 1426 377 1508 magis
404 1426 581 1492 amavisset
603 1447 700 1511 quarn
723 1445 758 1492 se
781 1427 886 1513 ipsum
913 1427 1119 1510 fuliginosum
1147 1427 1223 1493 feni
1246 1425 1398 1511 opificem
1492 1445 1495 1449 ’

273 1528 324 1609 (ct.
348 1527 407 1594 Od.
432 1531 460 1594 8;
484 1531 546 1614 266
562 1527 632 1615 sq).
664 1527 866 1613 Quemquam
889 1528 1083 1596 Plutarchus
1105 1530 1139 1596 in
1163 1534 1285 1614 quaest.
1307 1529 1398 1594 Rom.

272 1651 342 1716 cap.
364 1633 405 1696 47
416 1633 438 1715 ¹)
471 1631 557 1716 qnod
578 1632 767 1698 inimicitiae
790 1633 883 1697 inter·
897 1633 1055 1700 Venerem
1084 1637 1116 1698 et
1138 1632 1318 1699 Volcanum
1338 1633 1399 1697 Ro·

271 1732 376 1799 manis
403 1739 499 1801 notae
522 1735 667 1821 fuissent,
688 1736 844 1820 templum
865 1736 961 1802 huius
983 1735 1037 1802 dei
1060 1737 1161 1802 extra
1175 1735 1287 1801 nrhem
1309 1734 1399 1816 aedi-

272 1834 402 1902 ficatum
415 1855 488 1902 esse
502 1837 610 1922 tradit,
632 1859 674 1904 ne
683 1839 771 1904 Mars
786 1843 818 1904 et
829 1837 992 1904 Volcanus
1014 1838 1050 1904 in
1064 1838 1142 1904 urbe
1164 1837 1238 1924 ipsa
1259 1838 1342 1903 inter
1364 1856 1399 1902 se

273 1938 439 2005 bellarent
483 1940 599 2005 Melius
631 1945 666 2005 ut
688 1941 802 2024 opinor
823 1940 985 2007 Prellerus
1018 1940 1060 2006 de
1091 1940 1166 2006 hac'
1179 1961 1215 2006 re
1242 1939 1400 2006 iudicavit

273 2062 303 2126 p.
315 2041 386 2124 531,
408 2042 571 2108 Romanos
594 2063 665 2108 curn
687 2043 721 2107 in
745 2047 855 2109 vetere
878 2042 956 2108 urbe
976 2044 1096 2109 multae
1112 2043 1281 2126 angustiae
1296 2042 1396 2108 flexu·

274 2163 396 2227 raeque
418 2144 562 2210 vicorum
584 2144 723 2211 fuissent
752 2144 862 2228 itaque
893 2145 961 2229 igni
988 2151 1098 2211 exorto
1126 2146 1279 2212 damnum
1302 2144 1399 2211 facile

273 2265 483 2331 permagnum
507 2266 579 2312 esse
598 2247 766 2332 potuisset
789 2246 924 2312 Volcani
947 2248 1031 2332 ignis
1056 2247 1110 2313 dei
1131 2249 1286 2331 templum
1309 2251 1401 2313 extra

274 2368 382 2415 muros
405 2347 559 2416 maluisse
582 2348 764 2416 aedificare.
1106 2367 1107 2370 ’

361 2452 475 2518 Paullo
498 2451 629 2518 uberius
652 2450 693 2517 de
716 2453 858 2517 Fortuna
880 2451 1103 2517 disserendum
1127 2457 1191 2536 est,
1217 2452 1280 2517 dea
1302 2451 1402 2516 illae

274 2555 429 2620 Romanis
459 2554 563 2637 magis
591 2560 625 2620 ut
656 2554 784 2620 videtur
813 2573 909 2637 quarn
940 2554 1118 2620 aGraecis
1150 2555 1236 2619 culta
1266 2559 1300 2620 et
1325 2553 1403 2619 ado-

273 2664 358 2742 rata3
380 2678 456 2722 narn
483 2650 570 2745 Τύχη
592 2679 616 2724 a
635 2657 799 2723 veteribus
816 2656 1011 2724 Graecorum
1033 2658 1139 2744 poetis
1161 2678 1248 2742 raro,
1270 2656 1402 2743 saepius

273 2760 379 2827 abiis
408 2767 675 2827 commemoratur
698 2779 779 2844 qnos
799 2758 932 2826 Plautus
955 2766 1004 2827 est
1026 2760 1179 2827 imitatus.
1216 2762 1319 2826 Poeta
1341 2759 1401 2825 etsi

276 2863 360 2928 inter
383 2863 499 2929 bonam
522 2868 554 2930 ct
575 2864 694 2928 malam
717 2863 893 2928 Fortunam
916 2863 1077 2949 discernit,
1099 2869 1207 2930 tamen
1229 2863 1287 2928 illa
1309 2881 1402 2948 prae-

274 2966 375 3046 valet3
412 2985 487 3031 narn
527 2966 715 3051 plerumque
755 2971 811 3031 aut
843 2966 905 3031 nisi
945 2967 1111 3052 epitheton
1150 2965 1313 3032 adiectum
1344 2969 1401 3046 est,

277 3069 419 3135 Fortuna
441 3069 507 3133 virn
531 3069 634 3135 bonae
651 3070 686 3134 F.
700 3068 800 3136 hahet
822 3074 878 3134 aut
900 3090 971 3135 cnm
993 3069 1164 3135 adieetivis
1184 3069 1260 3134 boni
1275 3066 1402 3151 augurii

275 3170 480 3254 coniungitur
499 3176 533 3236 ut
547 3172 580 3236 in
609 3172 718 3238 verbis
742 3171 848 3238 Toxili
872 3173 972 3254 (Pers.
996 3169 1085 3256 515):
1108 3172 1240 3256 „Neque
1268 3169 1401 3255 quaml)

275 3273 335 3338 tibi
357 3275 501 3338 Fortuna
526 3273 667 3340 faculam
690 3273 832 3340 lucrifica
854 3273 1007 3342 adlucere
1029 3273 1127 3358 volt,“
1150 3275 1193 3340 ad
1216 3293 1300 3358 quae
1322 3273 1401 3337 Dor-

276 3376 383 3441 dalus:
406 3395 510 3461 „qnae
532 3375 634 3443 istaec
655 3375 830 3443 lucrificast
844 3377 985 3442 Fortuna
995 3377 1032 3461 ‘F‘
1054 3377 1139 3443 unde
1155 3376 1306 3460 colligere
1327 3374 1402 3440 licet

347 3647 366 3717 ¹)
384 3643 437 3705 Acci
452 3650 480 3705 τύ
488 3667 520 3705 το
531 3643 750 3720 τούἩφαίστοο
769 3645 849 3721 ἱερὸν
861 3643 917 3716 ἔξω
926 3646 1041 3716 πόλεως
1054 3644 1070 3705 ὁ
1086 3644 1228 3718 Ῥωμύλος
1247 3641 1384 3721 ἱδρύσατο
1389 3669 1400 3716 ;

276 3725 404 3806 πύτερον
422 3730 466 3790 troi
486 3730 539 3805 τὴν
554 3732 816 3806 μυθολογουμένην
826 3730 898 3808 πρὸς
911 3730 971 3808 Ἄρη
981 3737 1159 3804 {trecentae
1176 3739 1229 3791 τοῦ
1243 3729 1401 3806 Ἡφαίστου

277 3813 313 3876 δι’
327 3815 494 3893 Ἀφροδίτην
511 3816 572 3886 virle
591 3815 665 3876 εἶναι
683 3824 779 3876 δοκῶν
791 3814 900 3892 Ἄρεος,
925 3817 977 3878 οὒκ
995 3817 1154 3891 ἐποιήσατο
1180 3809 1316 3878 σύνοικον
1335 3815 1400 3878 οὐδὲ

277 3897 422 3975 ὃμύπολιν
458 3902 562 3975 αύτύν,·
597 3906 743 3961 Plutarchi
775 3895 868 3961 aetate
896 3906 1006 3960 Graeca
1041 3903 1138 3960 fabula
1172 3905 1303 3960 omnibns
1331 3905 1401 3959 satis

277 3999 345 4046 nota
362 3996 430 4045 erat.

347 4078 369 4146 ²)
387 4074 428 4131 cf.
447 4075 605 4132 Buecheler
622 4077 652 4131 in
669 4075 810 4133 Fleckeis.
830 4091 892 4134 ann.
913 4081 987 4134 1863.
1015 4091 1042 4144 p.
1063 4082 1119 4132 783.
