<?xml version="1.0" encoding="UTF-8"?>
<!DOCTYPE html PUBLIC "-//W3C//DTD XHTML 1.0 Transitional//EN"
    "http://www.w3.org/TR/xhtml1/DTD/xhtml1-transitional.dtd">
<html xmlns="http://www.w3.org/1999/xhtml" xml:lang="en" lang="en">
 <head>
  <title>
</title>
<meta http-equiv="Content-Type" content="text/html;charset=utf-8" />
  <meta name='ocr-system' content='tesseract 3.04.00' />
  <meta name='ocr-capabilities' content='ocr_page ocr_carea ocr_par ocr_line ocrx_word'/>
</head>
<body>
  <div class='ocr_page' id='page_1' title='image "./quaestionesplau00kesegoog_0066.png"; bbox 0 0 3224 4734; ppageno 0'>
   <div class='ocr_carea' id='block_1_1' title="bbox 731 337 932 404">
    <p class='ocr_par' dir='ltr' id='par_1_1' title="bbox 731 337 932 404">
     <span class='ocr_line' id='line_1_1' title="bbox 731 337 932 404; baseline 0.01 -18"><span class='ocrx_word' id='word_1_1' title='bbox 731 337 932 404; x_wconf 67' lang='lat'>..57-</span> 
     </span>
    </p>
   </div>
   <div class='ocr_carea' id='block_1_2' title="bbox 260 504 1398 3904">
    <p class='ocr_par' dir='ltr' id='par_1_2' title="bbox 273 504 1395 802">
     <span class='ocr_line' id='line_1_2' title="bbox 273 504 1395 578; baseline -0.002 -3"><span class='ocrx_word' id='word_1_2' title='bbox 273 507 387 576; x_wconf 85' lang='lat' dir='ltr'><strong>Fidius</strong></span> <span class='ocrx_word' id='word_1_3' title='bbox 402 508 435 576; x_wconf 91' lang='lat' dir='ltr'><strong>in</strong></span> <span class='ocrx_word' id='word_1_4' title='bbox 451 508 655 578; x_wconf 87' lang='lat' dir='ltr'><strong>iureiurando</strong></span> <span class='ocrx_word' id='word_1_5' title='bbox 670 507 888 578; x_wconf 75' lang='lat' dir='ltr'><strong>invocabatur.</strong></span> <span class='ocrx_word' id='word_1_6' title='bbox 903 547 944 558; x_wconf 85' lang='lat'><em>-</em></span> <span class='ocrx_word' id='word_1_7' title='bbox 960 507 1133 577; x_wconf 86' lang='lat' dir='ltr'><strong>Perfidiam</strong></span> <span class='ocrx_word' id='word_1_8' title='bbox 1148 505 1243 574; x_wconf 90' lang='lat' dir='ltr'><strong>deam</strong></span> <span class='ocrx_word' id='word_1_9' title='bbox 1258 505 1292 572; x_wconf 92' lang='lat' dir='ltr'><strong>in</strong></span> <span class='ocrx_word' id='word_1_10' title='bbox 1306 504 1395 573; x_wconf 83' lang='lat' dir='ltr'><strong>Asin.</strong></span> 
     </span>
     <span class='ocr_line' id='line_1_3' title="bbox 273 608 1395 697; baseline -0.005 -19"><span class='ocrx_word' id='word_1_11' title='bbox 273 609 658 680; x_wconf 66' lang='lat' dir='ltr'><strong>pommeranorum</strong></span> <span class='ocrx_word' id='word_1_12' title='bbox 685 615 857 680; x_wconf 85' lang='lat' dir='ltr'><strong>veneratos</strong></span> <span class='ocrx_word' id='word_1_13' title='bbox 884 631 970 697; x_wconf 87' lang='lat' dir='ltr'><strong>esse,</strong></span> <span class='ocrx_word' id='word_1_14' title='bbox 1001 608 1062 680; x_wconf 88' lang='lat' dir='ltr'><strong>sed</strong></span> <span class='ocrx_word' id='word_1_15' title='bbox 1083 611 1241 678; x_wconf 84' lang='lat' dir='ltr'>Libanum</span> <span class='ocrx_word' id='word_1_16' title='bbox 1268 628 1395 676; x_wconf 84' lang='lat' dir='ltr'><strong>servom</strong></span> 
     </span>
     <span class='ocr_line' id='line_1_4' title="bbox 274 712 884 802; baseline 0.003 -22"><span class='ocrx_word' id='word_1_17' title='bbox 274 712 316 781; x_wconf 90' lang='lat' dir='ltr'><strong>de</strong></span> <span class='ocrx_word' id='word_1_18' title='bbox 338 713 399 784; x_wconf 87' lang='lat' dir='ltr'><strong>hae</strong></span> <span class='ocrx_word' id='word_1_19' title='bbox 421 736 480 802; x_wconf 90' lang='lat' dir='ltr'><strong>per</strong></span> <span class='ocrx_word' id='word_1_20' title='bbox 501 715 606 783; x_wconf 91' lang='lat' dir='ltr'><strong>iocum</strong></span> <span class='ocrx_word' id='word_1_21' title='bbox 627 714 716 800; x_wconf 88' lang='lat' dir='ltr'><strong>loqui</strong></span> <span class='ocrx_word' id='word_1_22' title='bbox 738 720 884 802; x_wconf 85' lang='lat' dir='ltr'><strong>apparet</strong></span> 
     </span>
    </p>

    <p class='ocr_par' dir='ltr' id='par_1_3' title="bbox 261 813 1398 3059">
     <span class='ocr_line' id='line_1_5' title="bbox 361 813 1396 904; baseline -0.003 -19"><span class='ocrx_word' id='word_1_23' title='bbox 361 819 530 886; x_wconf 89' lang='lat' dir='ltr'><strong>Postremo</strong></span> <span class='ocrx_word' id='word_1_24' title='bbox 556 837 662 904; x_wconf 87' lang='lat' dir='ltr'><strong>pauca</strong></span> <span class='ocrx_word' id='word_1_25' title='bbox 688 818 881 886; x_wconf 76' lang='lat' dir='ltr'><strong>adnotemus</strong></span> <span class='ocrx_word' id='word_1_26' title='bbox 901 816 946 884; x_wconf 87' lang='lat' dir='ltr'><strong>al</strong></span> <span class='ocrx_word' id='word_1_27' title='bbox 969 817 1047 886; x_wconf 78' lang='lat' dir='ltr'><strong>cisa</strong></span> <span class='ocrx_word' id='word_1_28' title='bbox 1069 833 1099 882; x_wconf 82' lang='lat' dir='ltr'><strong>v.</strong></span> <span class='ocrx_word' id='word_1_29' title='bbox 1123 815 1150 881; x_wconf 89' lang='lat'><strong>1.</strong></span> <span class='ocrx_word' id='word_1_30' title='bbox 1173 817 1201 884; x_wconf 85' lang='lat'><strong>3.</strong></span> <span class='ocrx_word' id='word_1_31' title='bbox 1224 815 1253 886; x_wconf 82' lang='lat'><strong>1.</strong></span> <span class='ocrx_word' id='word_1_32' title='bbox 1274 835 1331 900; x_wconf 89' lang='lat' dir='ltr'><strong>sq.,</strong></span> <span class='ocrx_word' id='word_1_33' title='bbox 1353 813 1396 882; x_wconf 91' lang='lat' dir='ltr'><strong>de</strong></span> 
     </span>
     <span class='ocr_line' id='line_1_6' title="bbox 275 915 1395 1009; baseline -0.003 -22"><span class='ocrx_word' id='word_1_34' title='bbox 275 919 392 1005; x_wconf 87' lang='lat' dir='ltr'><strong>quibus</strong></span> <span class='ocrx_word' id='word_1_35' title='bbox 414 919 612 990; x_wconf 84' lang='lat' dir='ltr'><strong>Ritechelius</strong></span> <span class='ocrx_word' id='word_1_36' title='bbox 634 920 668 987; x_wconf 90' lang='lat' dir='ltr'><strong>in</strong></span> <span class='ocrx_word' id='word_1_37' title='bbox 690 941 816 1009; x_wconf 84' lang='lat' dir='ltr'><strong>parerg.</strong></span> <span class='ocrx_word' id='word_1_38' title='bbox 838 944 869 1009; x_wconf 91' lang='lat' dir='ltr'><strong>p.</strong></span> <span class='ocrx_word' id='word_1_39' title='bbox 891 923 953 988; x_wconf 75' lang='lat'><strong>237</strong></span> <span class='ocrx_word' id='word_1_40' title='bbox 976 921 1057 988; x_wconf 85' lang='lat' dir='ltr'><strong>haee</strong></span> <span class='ocrx_word' id='word_1_41' title='bbox 1085 917 1228 986; x_wconf 85' lang='lat' dir='ltr'><strong>disserit:</strong></span> <span class='ocrx_word' id='word_1_42' title='bbox 1259 915 1395 1000; x_wconf 78' lang='lat' dir='ltr'><strong>„Utrum</strong></span> 
     </span>
     <span class='ocr_line' id='line_1_7' title="bbox 274 1020 1396 1113; baseline -0.005 -20"><span class='ocrx_word' id='word_1_43' title='bbox 274 1025 317 1092; x_wconf 91' lang='lat' dir='ltr'><strong>ad</strong></span> <span class='ocrx_word' id='word_1_44' title='bbox 340 1023 486 1093; x_wconf 85' lang='lat' dir='ltr'><strong>fabulam</strong></span> <span class='ocrx_word' id='word_1_45' title='bbox 507 1026 606 1113; x_wconf 89' lang='lat' dir='ltr'><strong>plane</strong></span> <span class='ocrx_word' id='word_1_46' title='bbox 628 1024 878 1111; x_wconf 79' lang='lat' dir='ltr'><strong>intellegendam</strong></span> <span class='ocrx_word' id='word_1_47' title='bbox 900 1023 1001 1092; x_wconf 86' lang='lat' dir='ltr'><strong>verba</strong></span> <span class='ocrx_word' id='word_1_48' title='bbox 1021 1021 1143 1091; x_wconf 82' lang='lat' dir='ltr'><strong>Auxilii</strong></span> <span class='ocrx_word' id='word_1_49' title='bbox 1164 1020 1333 1089; x_wconf 84' lang='lat' dir='ltr'><strong>retinenda</strong></span> <span class='ocrx_word' id='word_1_50' title='bbox 1353 1039 1396 1087; x_wconf 91' lang='lat' dir='ltr'><strong>au</strong></span> 
     </span>
     <span class='ocr_line' id='line_1_8' title="bbox 275 1123 1396 1210; baseline -0.003 -18"><span class='ocrx_word' id='word_1_51' title='bbox 275 1125 415 1198; x_wconf 86' lang='lat' dir='ltr'><strong>delenda</strong></span> <span class='ocrx_word' id='word_1_52' title='bbox 437 1127 501 1195; x_wconf 89' lang='lat' dir='ltr'><strong>sint</strong></span> <span class='ocrx_word' id='word_1_53' title='bbox 523 1148 564 1197; x_wconf 91' lang='lat' dir='ltr'><strong>ea</strong></span> <span class='ocrx_word' id='word_1_54' title='bbox 585 1126 626 1194; x_wconf 86' lang='lat' dir='ltr'><strong>de</strong></span> <span class='ocrx_word' id='word_1_55' title='bbox 649 1147 749 1196; x_wconf 89' lang='lat' dir='ltr'><strong>causa</strong></span> <span class='ocrx_word' id='word_1_56' title='bbox 771 1127 953 1194; x_wconf 88' lang='lat' dir='ltr'><strong>discernere</strong></span> <span class='ocrx_word' id='word_1_57' title='bbox 975 1127 1137 1194; x_wconf 88' lang='lat' dir='ltr'><strong>nonlicet</strong></span> <span class='ocrx_word' id='word_1_58' title='bbox 1158 1124 1244 1210; x_wconf 89' lang='lat' dir='ltr'><strong>qnod</strong></span> <span class='ocrx_word' id='word_1_59' title='bbox 1266 1123 1396 1191; x_wconf 79' lang='lat' dir='ltr'><strong>tabulae</strong></span> 
     </span>
     <span class='ocr_line' id='line_1_9' title="bbox 274 1221 1396 1318; baseline -0.004 -21"><span class='ocrx_word' id='word_1_60' title='bbox 274 1229 351 1316; x_wconf 90' lang='lat' dir='ltr'><strong>quin</strong></span> <span class='ocrx_word' id='word_1_61' title='bbox 382 1231 523 1299; x_wconf 78' lang='lat' dir='ltr'><strong>sescenti</strong></span> <span class='ocrx_word' id='word_1_62' title='bbox 553 1231 622 1300; x_wconf 86' lang='lat' dir='ltr'><strong>iere</strong></span> <span class='ocrx_word' id='word_1_63' title='bbox 652 1251 767 1312; x_wconf 84' lang='lat' dir='ltr'><strong>versus</strong></span> <span class='ocrx_word' id='word_1_64' title='bbox 793 1230 948 1318; x_wconf 89' lang='lat' dir='ltr'><strong>perierint</strong></span> <span class='ocrx_word' id='word_1_65' title='bbox 979 1227 1120 1298; x_wconf 83' lang='lat' dir='ltr'><strong>dubitari</strong></span> <span class='ocrx_word' id='word_1_66' title='bbox 1147 1226 1285 1314; x_wconf 84' lang='lat' dir='ltr'><strong>nequit.“</strong></span> <span class='ocrx_word' id='word_1_67' title='bbox 1307 1221 1396 1293; x_wconf 69' lang='lat' dir='ltr'><strong>&#39;Nos</strong></span> 
     </span>
     <span class='ocr_line' id='line_1_10' title="bbox 275 1329 1396 1420; baseline -0.005 -20"><span class='ocrx_word' id='word_1_68' title='bbox 275 1332 404 1418; x_wconf 84' lang='lat' dir='ltr'><strong>quidem</strong></span> <span class='ocrx_word' id='word_1_69' title='bbox 433 1333 513 1401; x_wconf 89' lang='lat' dir='ltr'><strong>illud</strong></span> <span class='ocrx_word' id='word_1_70' title='bbox 544 1339 668 1402; x_wconf 84' lang='lat' dir='ltr'><strong>lautum</strong></span> <span class='ocrx_word' id='word_1_71' title='bbox 698 1333 901 1420; x_wconf 86' lang='lat' dir='ltr'><strong>disputemus</strong></span> <span class='ocrx_word' id='word_1_72' title='bbox 932 1333 1009 1419; x_wconf 87' lang='lat' dir='ltr'><strong>quid</strong></span> <span class='ocrx_word' id='word_1_73' title='bbox 1032 1332 1095 1400; x_wconf 90' lang='lat' dir='ltr'><strong>sibi</strong></span> <span class='ocrx_word' id='word_1_74' title='bbox 1125 1331 1204 1400; x_wconf 90' lang='lat' dir='ltr'><strong>velit</strong></span> <span class='ocrx_word' id='word_1_75' title='bbox 1232 1329 1396 1398; x_wconf 84' lang='lat' dir='ltr'><strong>Auxilium</strong></span> 
     </span>
     <span class='ocr_line' id='line_1_11' title="bbox 273 1435 1398 1525; baseline -0.003 -23"><span class='ocrx_word' id='word_1_76' title='bbox 273 1435 378 1503; x_wconf 85' lang='lat' dir='ltr'><strong>deus?</strong></span> <span class='ocrx_word' id='word_1_77' title='bbox 400 1456 475 1504; x_wconf 89' lang='lat' dir='ltr'><strong>nam</strong></span> <span class='ocrx_word' id='word_1_78' title='bbox 497 1436 643 1505; x_wconf 77' lang='lat' dir='ltr'>neutrius</span> <span class='ocrx_word' id='word_1_79' title='bbox 665 1436 794 1522; x_wconf 82' lang='lat' dir='ltr'><strong>generis</strong></span> <span class='ocrx_word' id='word_1_80' title='bbox 815 1437 1008 1506; x_wconf 84' lang='lat' dir='ltr'><strong>vocabulum</strong></span> <span class='ocrx_word' id='word_1_81' title='bbox 1030 1454 1203 1525; x_wconf 88' lang='lat' dir='ltr'><strong>personam</strong></span> <span class='ocrx_word' id='word_1_82' title='bbox 1225 1453 1343 1522; x_wconf 90' lang='lat' dir='ltr'><strong>capere</strong></span> <span class='ocrx_word' id='word_1_83' title='bbox 1365 1437 1398 1500; x_wconf 87' lang='lat' dir='ltr'><strong>et</strong></span> 
     </span>
     <span class='ocr_line' id='line_1_12' title="bbox 274 1535 1397 1628; baseline -0.002 -22"><span class='ocrx_word' id='word_1_84' title='bbox 274 1536 377 1606; x_wconf 87' lang='lat' dir='ltr'><strong>divini</strong></span> <span class='ocrx_word' id='word_1_85' title='bbox 400 1539 532 1610; x_wconf 88' lang='lat' dir='ltr'><strong>honoris</strong></span> <span class='ocrx_word' id='word_1_86' title='bbox 555 1539 719 1628; x_wconf 82' lang='lat' dir='ltr'>particeps</span> <span class='ocrx_word' id='word_1_87' title='bbox 736 1540 804 1608; x_wconf 89' lang='lat' dir='ltr'><strong>fieri</strong></span> <span class='ocrx_word' id='word_1_88' title='bbox 835 1541 889 1608; x_wconf 85' lang='lat' dir='ltr'><strong>vel</strong></span> <span class='ocrx_word' id='word_1_89' title='bbox 910 1540 1006 1608; x_wconf 89' lang='lat' dir='ltr'><strong>deum</strong></span> <span class='ocrx_word' id='word_1_90' title='bbox 1028 1535 1187 1607; x_wconf 89' lang='lat' dir='ltr'><strong>nominari</strong></span> <span class='ocrx_word' id='word_1_91' title='bbox 1215 1536 1307 1606; x_wconf 90' lang='lat' dir='ltr'><strong>uobis</strong></span> <span class='ocrx_word' id='word_1_92' title='bbox 1328 1555 1397 1621; x_wconf 92' lang='lat' dir='ltr'><strong>per·</strong></span> 
     </span>
     <span class='ocr_line' id='line_1_13' title="bbox 273 1637 1397 1730; baseline -0.003 -22"><span class='ocrx_word' id='word_1_93' title='bbox 273 1641 388 1709; x_wconf 87' lang='lat' dir='ltr'><strong>mimm</strong></span> <span class='ocrx_word' id='word_1_94' title='bbox 410 1641 539 1710; x_wconf 85' lang='lat' dir='ltr'><strong>videtur</strong></span> <span class='ocrx_word' id='word_1_95' title='bbox 565 1643 618 1729; x_wconf 86' lang='lat' dir='ltr'><strong>(ci.</strong></span> <span class='ocrx_word' id='word_1_96' title='bbox 645 1641 768 1710; x_wconf 80' lang='lat' dir='ltr'><strong>Grimm</strong></span> <span class='ocrx_word' id='word_1_97' title='bbox 794 1643 815 1712; x_wconf 91' lang='grc'><strong>1.</strong></span> <span class='ocrx_word' id='word_1_98' title='bbox 837 1643 857 1711; x_wconf 90' lang='lat' dir='ltr'><strong>i.</strong></span> <span class='ocrx_word' id='word_1_99' title='bbox 878 1663 909 1730; x_wconf 91' lang='lat' dir='ltr'><strong>p.</strong></span> <span class='ocrx_word' id='word_1_100' title='bbox 932 1645 1004 1710; x_wconf 83' lang='lat'><strong>838.</strong></span> <span class='ocrx_word' id='word_1_101' title='bbox 1031 1641 1107 1730; x_wconf 88' lang='grc'>851)</span> <span class='ocrx_word' id='word_1_102' title='bbox 1138 1661 1198 1709; x_wconf 91' lang='lat' dir='ltr'><strong>nec</strong></span> <span class='ocrx_word' id='word_1_103' title='bbox 1225 1637 1314 1727; x_wconf 86' lang='lat' dir='ltr'><strong>apud</strong></span> <span class='ocrx_word' id='word_1_104' title='bbox 1335 1640 1397 1706; x_wconf 85' lang='lat' dir='ltr'><strong>llo·</strong></span> 
     </span>
     <span class='ocr_line' id='line_1_14' title="bbox 273 1741 1397 1832; baseline 0 -22"><span class='ocrx_word' id='word_1_105' title='bbox 273 1763 388 1813; x_wconf 87' lang='lat' dir='ltr'><strong>monos</strong></span> <span class='ocrx_word' id='word_1_106' title='bbox 409 1749 446 1814; x_wconf 85' lang='lat' dir='ltr'><strong>nt</strong></span> <span class='ocrx_word' id='word_1_107' title='bbox 467 1747 652 1832; x_wconf 88' lang='lat' dir='ltr'><strong>exemplum</strong></span> <span class='ocrx_word' id='word_1_108' title='bbox 675 1747 811 1814; x_wconf 83' lang='lat' dir='ltr'><strong>afferam</strong></span> <span class='ocrx_word' id='word_1_109' title='bbox 832 1745 935 1812; x_wconf 83' lang='lat' dir='ltr'><strong>iatum</strong></span> <span class='ocrx_word' id='word_1_110' title='bbox 958 1745 1018 1832; x_wconf 83' lang='lat' dir='ltr'><strong>scd</strong></span> <span class='ocrx_word' id='word_1_111' title='bbox 1039 1746 1126 1813; x_wconf 87' lang='lat' dir='ltr'><strong>fatus</strong></span> <span class='ocrx_word' id='word_1_112' title='bbox 1148 1746 1218 1812; x_wconf 83' lang='lat' dir='ltr'><strong>iata</strong></span> <span class='ocrx_word' id='word_1_113' title='bbox 1231 1742 1292 1812; x_wconf 81' lang='lat' dir='ltr'><strong>sati</strong></span> <span class='ocrx_word' id='word_1_114' title='bbox 1306 1741 1397 1810; x_wconf 81' lang='lat' dir='ltr'><strong>satae</strong></span> 
     </span>
     <span class='ocr_line' id='line_1_15' title="bbox 273 1846 1397 1936; baseline 0 -24"><span class='ocrx_word' id='word_1_115' title='bbox 273 1847 307 1914; x_wconf 91' lang='lat' dir='ltr'><strong>in</strong></span> <span class='ocrx_word' id='word_1_116' title='bbox 329 1846 593 1934; x_wconf 75' lang='lat' dir='ltr'><strong>inscriptionibus</strong></span> <span class='ocrx_word' id='word_1_117' title='bbox 615 1849 818 1936; x_wconf 89' lang='lat' dir='ltr'><strong>reperiuntur</strong></span> <span class='ocrx_word' id='word_1_118' title='bbox 841 1887 882 1898; x_wconf 86' lang='lat'><strong>—-</strong></span> <span class='ocrx_word' id='word_1_119' title='bbox 904 1849 981 1917; x_wconf 83' lang='lat' dir='ltr'><strong>vide</strong></span> <span class='ocrx_word' id='word_1_120' title='bbox 1003 1848 1125 1916; x_wconf 90' lang='lat' dir='ltr'><strong>Prellar</strong></span> <span class='ocrx_word' id='word_1_121' title='bbox 1152 1871 1184 1935; x_wconf 90' lang='lat' dir='ltr'><strong>p.</strong></span> <span class='ocrx_word' id='word_1_122' title='bbox 1208 1847 1285 1933; x_wconf 81' lang='lat'><strong>5653</strong></span> <span class='ocrx_word' id='word_1_123' title='bbox 1316 1865 1397 1912; x_wconf 86' lang='lat' dir='ltr'><strong>mus.</strong></span> 
     </span>
     <span class='ocr_line' id='line_1_16' title="bbox 274 1948 1397 2037; baseline -0.001 -22"><span class='ocrx_word' id='word_1_124' title='bbox 274 1948 363 2018; x_wconf 90' lang='lat' dir='ltr'><strong>rhen.</strong></span> <span class='ocrx_word' id='word_1_125' title='bbox 385 1949 447 2019; x_wconf 91' lang='lat' dir='ltr'><strong>vol.</strong></span> <span class='ocrx_word' id='word_1_126' title='bbox 469 1953 520 2018; x_wconf 74' lang='lat'><strong>27.</strong></span> <span class='ocrx_word' id='word_1_127' title='bbox 543 1953 605 2018; x_wconf 78' lang='lat'><strong>132</strong></span> <span class='ocrx_word' id='word_1_128' title='bbox 629 1972 676 2036; x_wconf 84' lang='lat' dir='ltr'><strong>sq.</strong></span> <span class='ocrx_word' id='word_1_129' title='bbox 692 1988 730 2000; x_wconf 91' lang='lat'>-</span> <span class='ocrx_word' id='word_1_130' title='bbox 747 1950 959 2037; x_wconf 88' lang='lat' dir='ltr'><strong>similiterque</strong></span> <span class='ocrx_word' id='word_1_131' title='bbox 974 1971 1038 2018; x_wconf 88' lang='lat' dir='ltr'><strong>non</strong></span> <span class='ocrx_word' id='word_1_132' title='bbox 1054 1951 1187 2019; x_wconf 76' lang='lat' dir='ltr'><strong>Caelum</strong></span> <span class='ocrx_word' id='word_1_133' title='bbox 1203 1949 1262 2017; x_wconf 86' lang='lat' dir='ltr'><strong>sed</strong></span> <span class='ocrx_word' id='word_1_134' title='bbox 1278 1948 1397 2016; x_wconf 78' lang='lat' dir='ltr'><strong>Caelus</strong></span> 
     </span>
     <span class='ocr_line' id='line_1_17' title="bbox 275 2053 1397 2143; baseline -0.002 -23"><span class='ocrx_word' id='word_1_135' title='bbox 275 2053 440 2120; x_wconf 80' lang='lat' dir='ltr'><strong>colebatur</strong></span> <span class='ocrx_word' id='word_1_136' title='bbox 462 2058 498 2120; x_wconf 89' lang='lat' dir='ltr'><strong>ut</strong></span> <span class='ocrx_word' id='word_1_137' title='bbox 520 2061 570 2122; x_wconf 89' lang='lat' dir='ltr'><strong>est</strong></span> <span class='ocrx_word' id='word_1_138' title='bbox 592 2054 625 2122; x_wconf 92' lang='lat' dir='ltr'><strong>in</strong></span> <span class='ocrx_word' id='word_1_139' title='bbox 647 2054 682 2126; x_wconf 81' lang='lat' dir='ltr'><strong>O.</strong></span> <span class='ocrx_word' id='word_1_140' title='bbox 705 2053 895 2126; x_wconf 83' lang='lat' dir='ltr'>1.L.v181</span> <span class='ocrx_word' id='word_1_141' title='bbox 919 2055 984 2143; x_wconf 86' lang='grc'><strong>(83.</strong></span> <span class='ocrx_word' id='word_1_142' title='bbox 1000 2053 1068 2142; x_wconf 83' lang='grc'><strong>84);</strong></span> <span class='ocrx_word' id='word_1_143' title='bbox 1091 2053 1271 2140; x_wconf 81' lang='lat' dir='ltr'><strong>„Optumus</strong></span> <span class='ocrx_word' id='word_1_144' title='bbox 1287 2053 1397 2118; x_wconf 86' lang='lat' dir='ltr'><strong>Maxu·</strong></span> 
     </span>
     <span class='ocr_line' id='line_1_18' title="bbox 274 2155 1397 2251; baseline 0.004 -31"><span class='ocrx_word' id='word_1_145' title='bbox 274 2175 344 2222; x_wconf 87' lang='lat' dir='ltr'><strong>mus</strong></span> <span class='ocrx_word' id='word_1_146' title='bbox 367 2155 484 2226; x_wconf 79' lang='lat' dir='ltr'><strong>Caelus</strong></span> <span class='ocrx_word' id='word_1_147' title='bbox 506 2162 658 2251; x_wconf 85' lang='lat' dir='ltr'><strong>aeternus</strong></span> <span class='ocrx_word' id='word_1_148' title='bbox 681 2158 831 2246; x_wconf 87' lang='lat' dir='ltr'><strong>Iupiter.“</strong></span> <span class='ocrx_word' id='word_1_149' title='bbox 863 2158 1080 2226; x_wconf 79' lang='lat' dir='ltr'><strong>Tertullianus</strong></span> <span class='ocrx_word' id='word_1_150' title='bbox 1102 2161 1217 2248; x_wconf 87' lang='lat' dir='ltr'><strong>autem</strong></span> <span class='ocrx_word' id='word_1_151' title='bbox 1233 2155 1307 2221; x_wconf 84' lang='lat' dir='ltr'><strong>adv.</strong></span> <span class='ocrx_word' id='word_1_152' title='bbox 1331 2160 1397 2226; x_wconf 87' lang='lat' dir='ltr'><strong>nat.</strong></span> 
     </span>
     <span class='ocr_line' id='line_1_19' title="bbox 273 2257 1396 2346; baseline -0.001 -20"><span class='ocrx_word' id='word_1_153' title='bbox 273 2257 371 2328; x_wconf 80' lang='lat' dir='ltr'><strong>11.·1s</strong></span> <span class='ocrx_word' id='word_1_154' title='bbox 387 2259 478 2328; x_wconf 85' lang='lat' dir='ltr'><strong>dicit:</strong></span> <span class='ocrx_word' id='word_1_155' title='bbox 502 2261 660 2346; x_wconf 78' lang='lat' dir='ltr'><strong>„legimus</strong></span> <span class='ocrx_word' id='word_1_156' title='bbox 676 2261 809 2330; x_wconf 79' lang='lat' dir='ltr'><strong>Caelum</strong></span> <span class='ocrx_word' id='word_1_157' title='bbox 825 2261 994 2328; x_wconf 82' lang='lat' dir='ltr'><strong>masculini</strong></span> <span class='ocrx_word' id='word_1_158' title='bbox 1015 2257 1171 2346; x_wconf 54' lang='lat' dir='ltr'><strong>generis!</strong></span> <span class='ocrx_word' id='word_1_159' title='bbox 1205 2257 1272 2326; x_wconf 80' lang='lat' dir='ltr'><strong>ssu</strong></span> <span class='ocrx_word' id='word_1_160' title='bbox 1287 2264 1396 2325; x_wconf 87' lang='lat' dir='ltr'><strong>tomen</strong></span> 
     </span>
     <span class='ocr_line' id='line_1_20' title="bbox 272 2362 1397 2450; baseline -0.001 -23"><span class='ocrx_word' id='word_1_161' title='bbox 272 2363 354 2430; x_wconf 81' lang='lat' dir='ltr'><strong>Fata</strong></span> <span class='ocrx_word' id='word_1_162' title='bbox 376 2362 410 2430; x_wconf 92' lang='lat' dir='ltr'><strong>in</strong></span> <span class='ocrx_word' id='word_1_163' title='bbox 431 2365 549 2450; x_wconf 86' lang='lat' dir='ltr'><strong>plurali</strong></span> <span class='ocrx_word' id='word_1_164' title='bbox 571 2384 704 2431; x_wconf 90' lang='lat' dir='ltr'><strong>numero</strong></span> <span class='ocrx_word' id='word_1_165' title='bbox 727 2362 839 2448; x_wconf 84' lang='lat' dir='ltr'><strong>negari</strong></span> <span class='ocrx_word' id='word_1_166' title='bbox 860 2382 923 2428; x_wconf 91' lang='lat' dir='ltr'><strong>non</strong></span> <span class='ocrx_word' id='word_1_167' title='bbox 947 2368 1053 2448; x_wconf 85' lang='lat' dir='ltr'><strong>potest</strong></span> <span class='ocrx_word' id='word_1_168' title='bbox 1078 2362 1111 2429; x_wconf 92' lang='lat' dir='ltr'><strong>in</strong></span> <span class='ocrx_word' id='word_1_169' title='bbox 1138 2381 1294 2447; x_wconf 87' lang='lat' dir='ltr'><strong>personas</strong></span> <span class='ocrx_word' id='word_1_170' title='bbox 1322 2381 1397 2428; x_wconf 91' lang='lat' dir='ltr'><strong>con·</strong></span> 
     </span>
     <span class='ocr_line' id='line_1_21' title="bbox 273 2463 1397 2552; baseline 0.002 -22"><span class='ocrx_word' id='word_1_171' title='bbox 273 2463 385 2531; x_wconf 85' lang='lat' dir='ltr'><strong>stituta</strong></span> <span class='ocrx_word' id='word_1_172' title='bbox 417 2484 490 2532; x_wconf 87' lang='lat' dir='ltr'><strong>esse</strong></span> <span class='ocrx_word' id='word_1_173' title='bbox 513 2464 548 2531; x_wconf 88' lang='lat' dir='ltr'><strong>id</strong></span> <span class='ocrx_word' id='word_1_174' title='bbox 579 2464 667 2551; x_wconf 90' lang='lat' dir='ltr'><strong>quod</strong></span> <span class='ocrx_word' id='word_1_175' title='bbox 687 2484 752 2532; x_wconf 92' lang='lat' dir='ltr'><strong>non</strong></span> <span class='ocrx_word' id='word_1_176' title='bbox 774 2464 878 2534; x_wconf 79' lang='lat' dir='ltr'><strong>solum</strong></span> <span class='ocrx_word' id='word_1_177' title='bbox 902 2466 1006 2546; x_wconf 79' lang='lat' dir='ltr'><strong>„Fata</strong></span> <span class='ocrx_word' id='word_1_178' title='bbox 1027 2463 1227 2532; x_wconf 86' lang='lat' dir='ltr'><strong>Scribunda“</strong></span> <span class='ocrx_word' id='word_1_179' title='bbox 1251 2485 1397 2552; x_wconf 87' lang='lat' dir='ltr'><strong>compro·</strong></span> 
     </span>
     <span class='ocr_line' id='line_1_22' title="bbox 273 2565 1396 2655; baseline 0.001 -23"><span class='ocrx_word' id='word_1_180' title='bbox 273 2565 363 2650; x_wconf 84' lang='lat' dir='ltr'><strong>baut,</strong></span> <span class='ocrx_word' id='word_1_181' title='bbox 385 2581 501 2634; x_wconf 90' lang='lat' dir='ltr'><strong>nomen</strong></span> <span class='ocrx_word' id='word_1_182' title='bbox 524 2566 605 2635; x_wconf 87' lang='lat' dir='ltr'><strong>illud</strong></span> <span class='ocrx_word' id='word_1_183' title='bbox 626 2573 722 2636; x_wconf 86' lang='lat' dir='ltr'><strong>vetus</strong></span> <span class='ocrx_word' id='word_1_184' title='bbox 736 2588 795 2655; x_wconf 90' lang='lat' dir='ltr'><strong>pro</strong></span> <span class='ocrx_word' id='word_1_185' title='bbox 819 2568 943 2636; x_wconf 86' lang='lat' dir='ltr'><strong>deabus</strong></span> <span class='ocrx_word' id='word_1_186' title='bbox 959 2566 1182 2636; x_wconf 80' lang='lat' dir='ltr'><strong>Carmentibus</strong></span> <span class='ocrx_word' id='word_1_187' title='bbox 1197 2571 1396 2654; x_wconf 86' lang='lat' dir='ltr'><strong>usurpatum,</strong></span> 
     </span>
     <span class='ocr_line' id='line_1_23' title="bbox 261 2659 1394 2753; baseline 0.003 -20"><span class='ocrx_word' id='word_1_188' title='bbox 261 2666 332 2742; x_wconf 76' lang='lat' dir='ltr'><strong>,sed</strong></span> <span class='ocrx_word' id='word_1_189' title='bbox 354 2667 450 2734; x_wconf 87' lang='lat' dir='ltr'><strong>etiam</strong></span> <span class='ocrx_word' id='word_1_190' title='bbox 475 2668 554 2735; x_wconf 86' lang='lat' dir='ltr'><strong>Stat.</strong></span> <span class='ocrx_word' id='word_1_191' title='bbox 577 2668 677 2738; x_wconf 77' lang='lat' dir='ltr'><strong>Theb.</strong></span> <span class='ocrx_word' id='word_1_192' title='bbox 700 2673 729 2739; x_wconf 93' lang='grc'><strong>8.</strong></span> <span class='ocrx_word' id='word_1_193' title='bbox 752 2673 807 2737; x_wconf 79' lang='lat'><strong>26:</strong></span> <span class='ocrx_word' id='word_1_194' title='bbox 829 2659 940 2753; x_wconf 83' lang='lat' dir='ltr'><strong>„Fata</strong></span> <span class='ocrx_word' id='word_1_195' title='bbox 953 2670 1062 2740; x_wconf 85' lang='lat' dir='ltr'><strong>ierunt</strong></span> <span class='ocrx_word' id='word_1_196' title='bbox 1083 2669 1210 2737; x_wconf 88' lang='lat' dir='ltr'><strong>animas</strong></span> <span class='ocrx_word' id='word_1_197' title='bbox 1225 2675 1258 2738; x_wconf 89' lang='lat' dir='ltr'><strong>et</strong></span> <span class='ocrx_word' id='word_1_198' title='bbox 1279 2669 1394 2738; x_wconf 86' lang='lat' dir='ltr'><strong>codem</strong></span> 
     </span>
     <span class='ocr_line' id='line_1_24' title="bbox 271 2768 1395 2859; baseline 0.004 -24"><span class='ocrx_word' id='word_1_199' title='bbox 271 2768 390 2855; x_wconf 91' lang='lat' dir='ltr'><strong>pollice</strong></span> <span class='ocrx_word' id='word_1_200' title='bbox 419 2768 607 2842; x_wconf 84' lang='lat' dir='ltr'><strong>damnant.“</strong></span> <span class='ocrx_word' id='word_1_201' title='bbox 651 2771 759 2854; x_wconf 78' lang='lat' dir='ltr'><strong>Quare</strong></span> <span class='ocrx_word' id='word_1_202' title='bbox 791 2773 925 2844; x_wconf 88' lang='lat' dir='ltr'><strong>Plautus</strong></span> <span class='ocrx_word' id='word_1_203' title='bbox 956 2795 978 2839; x_wconf 89' lang='lat' dir='ltr'><strong>a</strong></span> <span class='ocrx_word' id='word_1_204' title='bbox 1008 2771 1238 2846; x_wconf 87' lang='lat' dir='ltr'><strong>consuetudine</strong></span> <span class='ocrx_word' id='word_1_205' title='bbox 1269 2773 1395 2859; x_wconf 84' lang='lat' dir='ltr'><strong>volgari</strong></span> 
     </span>
     <span class='ocr_line' id='line_1_25' title="bbox 273 2872 1395 2963; baseline 0.005 -26"><span class='ocrx_word' id='word_1_206' title='bbox 273 2892 337 2937; x_wconf 89' lang='lat' dir='ltr'><strong>non</strong></span> <span class='ocrx_word' id='word_1_207' title='bbox 361 2872 458 2958; x_wconf 89' lang='lat' dir='ltr'><strong>plane</strong></span> <span class='ocrx_word' id='word_1_208' title='bbox 480 2873 623 2960; x_wconf 88' lang='lat' dir='ltr'><strong>recessit,</strong></span> <span class='ocrx_word' id='word_1_209' title='bbox 646 2873 674 2942; x_wconf 90' lang='lat' dir='ltr'><strong>si</strong></span> <span class='ocrx_word' id='word_1_210' title='bbox 697 2875 898 2946; x_wconf 79' lang='lat' dir='ltr'><strong>substantivo</strong></span> <span class='ocrx_word' id='word_1_211' title='bbox 913 2875 1041 2963; x_wconf 80' lang='lat' dir='ltr'><strong>generis</strong></span> <span class='ocrx_word' id='word_1_212' title='bbox 1054 2876 1199 2944; x_wconf 88' lang='lat' dir='ltr'><strong>neutrius</strong></span> <span class='ocrx_word' id='word_1_213' title='bbox 1214 2875 1268 2944; x_wconf 81' lang='lat' dir='ltr'><strong>dei</strong></span> <span class='ocrx_word' id='word_1_214' title='bbox 1284 2885 1395 2963; x_wconf 86' lang='lat' dir='ltr'><strong>parles</strong></span> 
     </span>
     <span class='ocr_line' id='line_1_26' title="bbox 271 2973 461 3059; baseline 0.021 -20"><span class='ocrx_word' id='word_1_215' title='bbox 271 2973 461 3059; x_wconf 80' lang='lat' dir='ltr'><strong>assignavit.</strong></span> 
     </span>
    </p>

    <p class='ocr_par' dir='ltr' id='par_1_4' title="bbox 260 3077 1395 3904">
     <span class='ocr_line' id='line_1_27' title="bbox 357 3077 1395 3167; baseline 0.008 -24"><span class='ocrx_word' id='word_1_216' title='bbox 357 3077 516 3145; x_wconf 84' lang='lat' dir='ltr'><strong>Secuntur</strong></span> <span class='ocrx_word' id='word_1_217' title='bbox 538 3078 745 3162; x_wconf 88' lang='lat' dir='ltr'><strong>quaestiones</strong></span> <span class='ocrx_word' id='word_1_218' title='bbox 766 3081 940 3149; x_wconf 90' lang='lat' dir='ltr'><strong>nonnullae</strong></span> <span class='ocrx_word' id='word_1_219' title='bbox 962 3080 1003 3149; x_wconf 76' lang='lat' dir='ltr'><strong>sle</strong></span> <span class='ocrx_word' id='word_1_220' title='bbox 1025 3081 1162 3149; x_wconf 87' lang='lat' dir='ltr'><strong>Hercule</strong></span> <span class='ocrx_word' id='word_1_221' title='bbox 1185 3082 1239 3167; x_wconf 90' lang='lat' dir='ltr'><strong>qni</strong></span> <span class='ocrx_word' id='word_1_222' title='bbox 1262 3082 1323 3150; x_wconf 88' lang='lat' dir='ltr'><strong>etsi</strong></span> <span class='ocrx_word' id='word_1_223' title='bbox 1345 3103 1395 3151; x_wconf 90' lang='lat' dir='ltr'><strong>re·</strong></span> 
     </span>
     <span class='ocr_line' id='line_1_28' title="bbox 272 3178 1395 3273; baseline 0.009 -29"><span class='ocrx_word' id='word_1_224' title='bbox 272 3198 351 3245; x_wconf 89' lang='lat' dir='ltr'><strong>vera</strong></span> <span class='ocrx_word' id='word_1_225' title='bbox 368 3178 468 3256; x_wconf 75' lang='lat' dir='ltr'><strong>,inter</strong></span> <span class='ocrx_word' id='word_1_226' title='bbox 497 3181 577 3247; x_wconf 84' lang='lat' dir='ltr'><strong>deos</strong></span> <span class='ocrx_word' id='word_1_227' title='bbox 599 3181 731 3256; x_wconf 88' lang='lat' dir='ltr'><strong>Italicos</strong></span> <span class='ocrx_word' id='word_1_228' title='bbox 762 3183 932 3252; x_wconf 87' lang='lat' dir='ltr'><strong>habendus</strong></span> <span class='ocrx_word' id='word_1_229' title='bbox 962 3183 1047 3270; x_wconf 81' lang='lat' dir='ltr'><strong>est‚²)</strong></span> <span class='ocrx_word' id='word_1_230' title='bbox 1077 3189 1186 3253; x_wconf 91' lang='lat' dir='ltr'><strong>tamen</strong></span> <span class='ocrx_word' id='word_1_231' title='bbox 1213 3206 1285 3252; x_wconf 91' lang='lat' dir='ltr'><strong>oum</strong></span> <span class='ocrx_word' id='word_1_232' title='bbox 1307 3187 1395 3273; x_wconf 90' lang='lat' dir='ltr'><strong>apud</strong></span> 
     </span>
     <span class='ocr_line' id='line_1_29' title="bbox 260 3281 1395 3376; baseline 0.006 -28"><span class='ocrx_word' id='word_1_233' title='bbox 260 3282 425 3357; x_wconf 80' lang='lat' dir='ltr'><strong>¹Plautum</strong></span> <span class='ocrx_word' id='word_1_234' title='bbox 449 3281 699 3370; x_wconf 86' lang='lat' dir='ltr'><strong>Terentiumque</strong></span> <span class='ocrx_word' id='word_1_235' title='bbox 728 3287 832 3371; x_wconf 57' lang='lat' dir='ltr'><strong>mame</strong></span> <span class='ocrx_word' id='word_1_236' title='bbox 854 3294 891 3356; x_wconf 87' lang='lat' dir='ltr'><strong>ot</strong></span> <span class='ocrx_word' id='word_1_237' title='bbox 921 3288 1018 3356; x_wconf 89' lang='lat' dir='ltr'><strong>heroe</strong></span> <span class='ocrx_word' id='word_1_238' title='bbox 1044 3295 1203 3376; x_wconf 89' lang='lat' dir='ltr'><strong>appareat</strong></span> <span class='ocrx_word' id='word_1_239' title='bbox 1233 3288 1395 3358; x_wconf 89' lang='lat' dir='ltr'><strong>neminem</strong></span> 
     </span>
     <span class='ocr_line' id='line_1_30' title="bbox 275 3386 1395 3479; baseline 0.009 -28"><span class='ocrx_word' id='word_1_240' title='bbox 275 3405 374 3470; x_wconf 83' lang='lat' dir='ltr'><strong>aegre</strong></span> <span class='ocrx_word' id='word_1_241' title='bbox 396 3386 537 3454; x_wconf 88' lang='lat' dir='ltr'><strong>laturum</strong></span> <span class='ocrx_word' id='word_1_242' title='bbox 560 3405 633 3454; x_wconf 88' lang='lat' dir='ltr'><strong>esse</strong></span> <span class='ocrx_word' id='word_1_243' title='bbox 656 3406 751 3475; x_wconf 88' lang='lat' dir='ltr'><strong>spero</strong></span> <span class='ocrx_word' id='word_1_244' title='bbox 779 3389 865 3474; x_wconf 90' lang='lat' dir='ltr'><strong>quod</strong></span> <span class='ocrx_word' id='word_1_245' title='bbox 891 3391 952 3458; x_wconf 90' lang='lat' dir='ltr'><strong>buc</strong></span> <span class='ocrx_word' id='word_1_246' title='bbox 975 3392 1044 3460; x_wconf 93' lang='lat' dir='ltr'><strong>loco</strong></span> <span class='ocrx_word' id='word_1_247' title='bbox 1067 3398 1141 3479; x_wconf 88' lang='lat' dir='ltr'><strong>post</strong></span> <span class='ocrx_word' id='word_1_248' title='bbox 1168 3399 1293 3461; x_wconf 86' lang='lat' dir='ltr'><strong>ceteros</strong></span> <span class='ocrx_word' id='word_1_249' title='bbox 1316 3391 1395 3461; x_wconf 86' lang='lat' dir='ltr'><strong>deos</strong></span> 
     </span>
     <span class='ocr_line' id='line_1_31' title="bbox 271 3490 1395 3581; baseline 0.009 -28"><span class='ocrx_word' id='word_1_250' title='bbox 271 3493 459 3564; x_wconf 62' lang='lat' dir='ltr'><strong>tractatur„</strong></span> <span class='ocrx_word' id='word_1_251' title='bbox 490 3490 598 3574; x_wconf 84' lang='lat' dir='ltr'><strong>Atque</strong></span> <span class='ocrx_word' id='word_1_252' title='bbox 629 3493 767 3575; x_wconf 86' lang='lat' dir='ltr'><strong>primum</strong></span> <span class='ocrx_word' id='word_1_253' title='bbox 797 3492 929 3578; x_wconf 88' lang='lat' dir='ltr'><strong>quidem</strong></span> <span class='ocrx_word' id='word_1_254' title='bbox 966 3502 1100 3581; x_wconf 90' lang='lat' dir='ltr'><strong>propter</strong></span> <span class='ocrx_word' id='word_1_255' title='bbox 1129 3497 1250 3564; x_wconf 86' lang='lat' dir='ltr'><strong>Persae</strong></span> <span class='ocrx_word' id='word_1_256' title='bbox 1281 3516 1395 3564; x_wconf 84' lang='lat' dir='ltr'><strong>versus</strong></span> 
     </span>
     <span class='ocr_line' id='line_1_32' title="bbox 273 3589 1394 3686; baseline 0.012 -31"><span class='ocrx_word' id='word_1_257' title='bbox 273 3589 369 3658; x_wconf 83' lang='lat'>1-4:</span> <span class='ocrx_word' id='word_1_258' title='bbox 403 3591 486 3674; x_wconf 80' lang='lat' dir='ltr'><strong>„Qui</strong></span> <span class='ocrx_word' id='word_1_259' title='bbox 509 3612 624 3660; x_wconf 89' lang='lat' dir='ltr'><strong>amans</strong></span> <span class='ocrx_word' id='word_1_260' title='bbox 647 3613 747 3680; x_wconf 84' lang='lat' dir='ltr'><strong>egens</strong></span> <span class='ocrx_word' id='word_1_261' title='bbox 769 3595 933 3682; x_wconf 80' lang='lat' dir='ltr'><strong>ingressus</strong></span> <span class='ocrx_word' id='word_1_262' title='bbox 960 3605 1011 3665; x_wconf 85' lang='lat' dir='ltr'><strong>cst</strong></span> <span class='ocrx_word' id='word_1_263' title='bbox 1036 3598 1188 3686; x_wconf 87' lang='lat' dir='ltr'><strong>princeps</strong></span> <span class='ocrx_word' id='word_1_264' title='bbox 1211 3600 1338 3668; x_wconf 81' lang='lat' dir='ltr'><strong>Amoris</strong></span> <span class='ocrx_word' id='word_1_265' title='bbox 1360 3599 1394 3668; x_wconf 89' lang='lat' dir='ltr'><strong>in</strong></span> 
     </span>
     <span class='ocr_line' id='line_1_33' title="bbox 271 3695 1394 3783; baseline 0.012 -23"><span class='ocrx_word' id='word_1_266' title='bbox 271 3695 352 3782; x_wconf 83' lang='lat' dir='ltr'><strong>vias,</strong></span> <span class='ocrx_word' id='word_1_267' title='bbox 367 3695 542 3783; x_wconf 82' lang='lat' dir='ltr'><strong>Superavit</strong></span> <span class='ocrx_word' id='word_1_268' title='bbox 558 3700 722 3768; x_wconf 89' lang='lat' dir='ltr'><strong>aerumnis</strong></span> <span class='ocrx_word' id='word_1_269' title='bbox 737 3700 804 3770; x_wconf 88' lang='lat' dir='ltr'><strong>suis</strong></span> <span class='ocrx_word' id='word_1_270' title='bbox 825 3721 998 3771; x_wconf 88' lang='lat' dir='ltr'><strong>aemmnas</strong></span> <span class='ocrx_word' id='word_1_271' title='bbox 1013 3724 1125 3772; x_wconf 88' lang='lat' dir='ltr'><strong>omnes</strong></span> <span class='ocrx_word' id='word_1_272' title='bbox 1140 3705 1279 3776; x_wconf 89' lang='lat' dir='ltr'><strong>Herculi.</strong></span> <span class='ocrx_word' id='word_1_273' title='bbox 1309 3707 1394 3774; x_wconf 91' lang='lat' dir='ltr'><strong>Nam</strong></span> 
     </span>
     <span class='ocr_line' id='line_1_34' title="bbox 271 3800 1393 3904; baseline 0.012 -40"><span class='ocrx_word' id='word_1_274' title='bbox 271 3817 343 3866; x_wconf 94' lang='lat' dir='ltr'><strong>cum</strong></span> <span class='ocrx_word' id='word_1_275' title='bbox 366 3800 459 3868; x_wconf 86' lang='lat' dir='ltr'><strong>laone</strong></span> <span class='ocrx_word' id='word_1_276' title='bbox 481 3821 554 3870; x_wconf 91' lang='lat' dir='ltr'><strong>cum</strong></span> <span class='ocrx_word' id='word_1_277' title='bbox 579 3808 711 3872; x_wconf 88' lang='lat' dir='ltr'><strong>excetra</strong></span> <span class='ocrx_word' id='word_1_278' title='bbox 733 3824 805 3873; x_wconf 91' lang='lat' dir='ltr'><strong>cum</strong></span> <span class='ocrx_word' id='word_1_279' title='bbox 828 3825 924 3873; x_wconf 85' lang='lat' dir='ltr'><strong>cervo</strong></span> <span class='ocrx_word' id='word_1_280' title='bbox 948 3825 1020 3873; x_wconf 89' lang='lat' dir='ltr'><strong>com</strong></span> <span class='ocrx_word' id='word_1_281' title='bbox 1043 3827 1123 3894; x_wconf 86' lang='lat' dir='ltr'><strong>apro</strong></span> <span class='ocrx_word' id='word_1_282' title='bbox 1145 3809 1290 3904; x_wconf 84' lang='lat' dir='ltr'><strong>Aetolico</strong></span> <span class='ocrx_word' id='word_1_283' title='bbox 1313 3809 1393 3877; x_wconf 79' lang='lat' dir='ltr'><strong>Cum</strong></span> 
     </span>
    </p>
   </div>
   <div class='ocr_carea' id='block_1_3' title="bbox 271 4029 1393 4208">
    <p class='ocr_par' dir='ltr' id='par_1_5' title="bbox 271 4029 1393 4208">
     <span class='ocr_line' id='line_1_35' title="bbox 339 4029 1393 4135; baseline 0.012 -26"><span class='ocrx_word' id='word_1_284' title='bbox 339 4055 360 4126; x_wconf 80' lang='lat'><strong>²)</strong></span> <span class='ocrx_word' id='word_1_285' title='bbox 378 4055 418 4112; x_wconf 77' lang='lat' dir='ltr'><strong>Of.</strong></span> <span class='ocrx_word' id='word_1_286' title='bbox 431 4055 590 4114; x_wconf 88' lang='lat' dir='ltr'><strong>Mommsen</strong></span> <span class='ocrx_word' id='word_1_287' title='bbox 603 4059 747 4116; x_wconf 85' lang='lat' dir='ltr'><strong>unterital.</strong></span> <span class='ocrx_word' id='word_1_288' title='bbox 760 4029 831 4116; x_wconf 77' lang='lat' dir='ltr'><strong>Dial.</strong></span> <span class='ocrx_word' id='word_1_289' title='bbox 844 4079 870 4132; x_wconf 87' lang='lat' dir='ltr'><strong>p.</strong></span> <span class='ocrx_word' id='word_1_290' title='bbox 885 4068 943 4128; x_wconf 73' lang='lat'><strong>262,</strong></span> <span class='ocrx_word' id='word_1_291' title='bbox 956 4062 1127 4118; x_wconf 83' lang='lat' dir='ltr'><strong>Grassmann</strong></span> <span class='ocrx_word' id='word_1_292' title='bbox 1140 4064 1157 4118; x_wconf 92' lang='lat' dir='ltr'><strong>l.</strong></span> <span class='ocrx_word' id='word_1_293' title='bbox 1170 4063 1187 4120; x_wconf 91' lang='lat' dir='ltr'><strong>i.</strong></span> <span class='ocrx_word' id='word_1_294' title='bbox 1205 4083 1232 4134; x_wconf 91' lang='lat' dir='ltr'><strong>p.</strong></span> <span class='ocrx_word' id='word_1_295' title='bbox 1247 4071 1393 4135; x_wconf 69' lang='lat' dir='ltr'><strong>loe-1063</strong></span> 
     </span>
     <span class='ocr_line' id='line_1_36' title="bbox 271 4139 1393 4208; baseline 0.012 -13"><span class='ocrx_word' id='word_1_296' title='bbox 271 4141 340 4196; x_wconf 87' lang='lat' dir='ltr'><strong>deus</strong></span> <span class='ocrx_word' id='word_1_297' title='bbox 359 4139 513 4198; x_wconf 88' lang='lat' dir='ltr'><strong>nimiuatur</strong></span> <span class='ocrx_word' id='word_1_298' title='bbox 525 4143 661 4201; x_wconf 88' lang='lat' dir='ltr'><strong>Hercules</strong></span> <span class='ocrx_word' id='word_1_299' title='bbox 675 4143 806 4202; x_wconf 88' lang='lat' dir='ltr'><strong>aPlauto</strong></span> <span class='ocrx_word' id='word_1_300' title='bbox 825 4146 855 4202; x_wconf 89' lang='lat' dir='ltr'><strong>in</strong></span> <span class='ocrx_word' id='word_1_301' title='bbox 868 4145 960 4203; x_wconf 79' lang='lat' dir='ltr'><strong>Stichi</strong></span> <span class='ocrx_word' id='word_1_302' title='bbox 973 4165 1056 4205; x_wconf 85' lang='lat' dir='ltr'><strong>versu</strong></span> <span class='ocrx_word' id='word_1_303' title='bbox 1069 4157 1118 4206; x_wconf 75' lang='lat'><strong>³92</strong></span> <span class='ocrx_word' id='word_1_304' title='bbox 1132 4152 1162 4205; x_wconf 89' lang='lat' dir='ltr'><strong>et</strong></span> <span class='ocrx_word' id='word_1_305' title='bbox 1174 4148 1276 4207; x_wconf 86' lang='lat' dir='ltr'><strong>Bacch.</strong></span> <span class='ocrx_word' id='word_1_306' title='bbox 1294 4167 1320 4206; x_wconf 84' lang='lat' dir='ltr'><strong>v.</strong></span> <span class='ocrx_word' id='word_1_307' title='bbox 1334 4157 1393 4208; x_wconf 81' lang='lat'><strong>894.</strong></span> 
     </span>
    </p>
   </div>
   <div class='ocr_carea' id='block_1_4' title="bbox 0 0 1616 4734">
    <p class='ocr_par' dir='ltr' id='par_1_6' title="bbox 0 0 1616 4734">
     <span class='ocr_line' id='line_1_37' title="bbox 0 0 1616 4734; baseline 0 0"><span class='ocrx_word' id='word_1_308' title='bbox 0 0 1616 4734; x_wconf 95' lang='lat' dir='ltr'><strong> </strong></span> 
     </span>
    </p>
   </div>
  </div>
 </body>
</html>
