3224 4734
736 375 945 440 ...46-

279 561 416 609 sumena
430 542 621 630 Euripidis*
657 545 747 610 Haeo
768 544 883 610 ultima
904 545 1005 612 verba
1028 545 1167 611 dubitari
1190 546 1310 630 nequit
1333 546 1413 630 quin

279 664 320 710 ex
346 649 443 730 poeta
475 642 615 729 quodam
638 645 836 713 Graeoorum
868 653 997 732 sumpta
1019 647 1096 732 sint,
1129 647 1184 732 qui
1207 648 1296 720 bane
1322 648 1414 714 Ituri-

277 747 409 833 pideam
431 747 574 815 fabulam
596 747 751 834 deludere
773 750 915 830 volebat3
938 751 1010 834 quis
1032 750 1085 815 hie
1107 750 1205 818 fuerit
1226 751 1414 818 nescimus:

277 851 466 938 Euripidem
489 857 597 918 autem
621 872 736 919 revera
763 853 859 920 buius
885 853 969 920 tituli
991 853 1135 920 fabulam
1159 854 1314 922 doouisse
1339 874 1414 922 oon·

278 959 355 1035 stat;
383 956 422 1021 ol.
444 955 598 1022 Weloker
620 955 660 1022 de
683 961 765 1041 trag.
787 957 840 1024 Gr.
863 979 894 1043 p.
917 959 1097 1023 seo-694.
1122 959 1309 1042 Neptunus
1333 977 1413 1024 vero

277 1055 362 1124 deus
389 1078 547 1142 aquarum
578 1078 642 1125 non
669 1065 718 1126 est
750 1060 865 1125 mirum
894 1061 979 1146 quod
1007 1060 1138 1146 balinea
1161 1081 1295 1145 quoque
1319 1066 1414 1126 ourat

276 1166 311 1226 ut
334 1168 472 1247 apparet
500 1161 533 1226 in
554 1160 636 1228 Rud
657 1182 687 1228 v.
704 1164 779 1229 527:
801 1163 953 1247 „Edepol
975 1165 1134 1249 Neptune,
1161 1183 1196 1229 es
1223 1165 1415 1231 balineator

275 1263 428 1346 frigidus:
454 1264 534 1331 Cum
548 1263 749 1331 vestimentis
772 1270 944 1352 postquam
959 1287 980 1330 a
994 1267 1050 1332 ted
1072 1265 1139 1332 abii
1161 1266 1292 1350 algeo,“
1325 1263 1413 1350 quae

275 1365 377 1431 verba
398 1366 471 1451 ipsa
485 1365 529 1431 ad
546 1366 705 1432 Graeoum
729 1369 895 1452 exemplar
916 1366 1028 1434 referri
1045 1376 1182 1452 possunt
1196 1389 1260 1434 non
1277 1369 1413 1436 debent

277 1469 423 1554 Itemque
446 1469 654 1555 perspieuum
677 1477 727 1536 est
754 1471 840 1555 quod
870 1472 948 1538 dioit
974 1491 1085 1537 omnes
1108 1491 1188 1556 opes
1211 1477 1244 1538 et
1266 1471 1408 1537 divitias

277 1590 359 1655 quas
381 1573 572 1656 navigantes
587 1573 764 1660 amiserint,
786 1575 928 1660 Neptuni
943 1572 1024 1661 fieri3
1048 1574 1088 1644 of.
1110 1575 1191 1640 Rud.
1214 1594 1242 1639 v.
1265 1574 1333 1640 372
1350 1595 1412 1658 sq.:

279 1677 391 1760 „Novi
420 1675 590 1763 Neptunus
613 1677 659 1743 ita
682 1678 776 1744 solet:
809 1677 956 1762 quamvis
978 1677 1169 1745 fastidiosus
1192 1677 1321 1743 Aedilis
1345 1682 1410 1744 est:

278 1779 413 1864 siquae
444 1780 611 1866 improbae
634 1785 708 1850 suut
735 1799 868 1866 meroes,
889 1782 989 1847 iaetat
1011 1781 1153 1864 omnes‚“
1181 1781 1327 1847 maxime
1351 1799 1411 1846 eas

140 1943 142 1946 .
274 1901 359 1966 quae
381 1902 447 1946 non
473 1881 556 1949 iuste
589 1888 796 1970 comparatae
828 1889 908 1950 sunt.
953 1883 997 1950 Ut
1027 1889 1136 1950 autem
1169 1903 1280 1948 omnes
1310 1883 1345 1948 di
1374 1881 1410 1946 id

276 1984 362 2068 quod
394 1985 461 2050 iam
492 2005 719 2068 nonnunquam
750 1986 890 2052 vidimus
922 2006 1042 2071 „genus
1068 1985 1250 2052 lenonium“
1281 1985 1354 2052 odit
1377 1990 1410 2051 et

273 2087 490 2170 persequitur,
521 2088 568 2152 sio
604 2089 774 2172 Neptunus
806 2107 934 2173 quoque
967 2087 1028 2154 boe
1066 2088 1161 2155 modo
1194 2088 1343 2172 proeedit
1374 2088 1408 2152 in

274 2190 357 2255 Rud.
384 2210 412 2256 v,
440 2191 502 2256 358
526 2211 589 2274 sq.:
619 2189 666 2274 „O
689 2191 840 2277 Neptune
871 2190 981 2276 lepide
1013 2191 1131 2270 salver
1152 2191 1203 2256 Ne
1225 2196 1258 2257 te
1280 2191 1411 2256 aleator

272 2293 378 2357 nullus
402 2297 451 2358 est
473 2293 663 2378 sapientiem
695 2292 841 2379 profesto
863 2293 969 2359 Nimis
999 2293 1110 2379 lepide
1142 2293 1248 2359 ieoisti
1278 2293 1405 2391 bolum:

272 2394 436 2479 periurum
459 2393 516 2480 (se.
538 2395 701 2481 lenonem)
724 2396 930 2482 perdidisti;“
952 2395 994 2464 of.
1014 2396 1082 2463 ibid
1106 2398 1167 2463 485
1192 2415 1238 2479 sq.
1261 2400 1294 2460 et
1316 2395 1406 2462 simi-

272 2497 338 2562 lem
361 2516 513 2563 soaenam
536 2499 627 2564 Most.
649 2501 828 2566 431-439.
1116 2580 1120 2584 Α
1190 2567 1192 2576 ,

359 2590 473 2683 Neque
496 2621 573 2667 vero
597 2599 704 2667 Plauti
734 2607 843 2668 aetate
870 2601 971 2667 ullum
986 2601 1172 2668 ,disorimen
1193 2599 1294 2666 fuisse
1317 2601 1403 2667 inter

271 2702 455 2787 Neptunum
487 2709 519 2769 et
552 2703 762 2783 Ποσειδῶνα,
795 2705 886 2771 euius
916 2724 1034 2770 nomen
1064 2709 1151 2770 reete
1183 2703 1350 2770 derivatur
1381 2725 1402 2768 a

272 2806 473 2872 substantivo
496 2799 599 2886 πόσις
623 2849 656 2870 =
680 2813 776 2896 potus
799 2812 831 2874 et
852 2800 925 2874 Δάν
947 2849 981 2870 =
1005 2806 1093 2873 Iovis
1116 2843 1156 2853 -—
1179 2807 1255 2872 vide
1273 2807 1401 2873 Abrens

270 2908 303 2971 in
312 2906 474 2992 Philologi
486 2911 549 2976 vol
560 2913 611 2995 23,
634 2933 665 2997 p.
683 2913 744 2976 211
760 2948 803 2960 -
818 2910 1072 2977 luculentissime
1087 2909 1167 2974 Rud.
1183 2928 1212 2973 v.
1228 2911 1400 2976 361-362

270 3008 449 3095 declarant,
477 3013 532 3096 qui
555 3012 665 3080 neseio
690 3034 732 3081 an
756 3013 796 3081 de
813 3014 938 3080 Graeco
961 3017 1059 3099 poeta
1083 3012 1199 3095 sumpti
1224 3017 1310 3076 eerte
1333 3033 1399 3078 non

268 3112 506 3180 inconsiderate
529 3115 607 3181 mibi
630 3116 803 3183 videantur
826 3116 1008 3204 oompositi:
1425 3123 1428 3130 ’

353 3216 471 3301 „Periit
496 3218 640 3300 potando
670 3221 797 3306 opinor:
828 3221 999 3308 Neptunus
1031 3219 1158 3301 magnis
1186 3217 1309 3318 pusulis
1335 3217 1398 3282 hae

268 3325 362 3386 noete
403 3341 477 3386 eum
518 3321 695 3388 invitavit“
753 3323 839 3390 Nam
861 3321 1056 3394 Ποσειδῶνα
1089 3321 1286 3386 Graeoorum
1323 3337 1397 3385 oum

268 3422 413 3508 Dionyso
436 3423 505 3489 vini
527 3425 588 3491 deo
611 3430 682 3492 arte
706 3426 910 3491 eoniuuotum
934 3425 1035 3490 fuisse
1058 3425 1185 3504 seimus,
1209 3442 1272 3506 qua
1295 3421 1336 3487 de
1360 3441 1396 3488 re

268 3526 358 3609 apud
385 3526 549 3593 Romanos
575 3533 673 3594 autea
708 3527 790 3594 nihil
821 3527 999 3594 constabat.
1047 3526 1137 3592 Unde
1160 3525 1258 3591 etiam
1279 3523 1395 3590 melius

267 3626 492 3710 intellegemus
514 3630 595 3696 Rud.
618 3648 702 3696 vers.
723 3631 786 3698 588
810 3650 871 3715 sq.:
892 3628 1011 3716 „Quasi
1034 3632 1117 3696 oiots
1136 3629 1260 3714 praecis
1274 3626 1395 3711 Neptu·

267 3747 327 3794 nus
350 3730 444 3796 nobis
479 3731 611 3798 suffudit
633 3753 734 3811 mare,
757 3735 873 3816 Itaque
897 3734 1003 3799 alvom
1026 3729 1120 3818 prodi
1143 3732 1286 3814 speravit
1300 3729 1393 3794 nobis

267 3831 363 3897 salsis
380 3834 515 3913 pooulis.
537 3871 578 3881 -
610 3836 759 3920 Denique
781 3839 882 3900 restat
904 3836 996 3901 Milit.
1019 3853 1048 3898 v.
1066 3837 1115 3908 15,
1139 3834 1171 3896 in
1194 3852 1256 3916 quo
1273 3833 1393 3916 Pyrgo-

266 3934 330 4018 pol.
352 3934 487 4003 ridieule
518 3935 658 4022 loquitur
682 3935 723 4003 de
746 3943 866 4021 nepote
889 3937 1027 4020 quodam
1052 3935 1191 4020 Neptuni
1215 3953 1311 4018 quem
1330 3933 1393 3998 An-

265 4038 409 4120 tigonum
442 4038 601 4106 Gonatam
633 4039 886 4124 intellegendum
918 4057 992 4105 esse
1018 4036 1174 4102 Demetrii
1204 4036 1393 4102 Polioroetis

265 4139 365 4204 filium
389 4140 444 4223 qui
467 4161 503 4207 se
518 4141 659 4228 Neptuni
682 4141 782 4207 lilium
805 4141 1005 4228 appellasset
1026 4139 1148 4225 primus
1172 4139 1391 4222 doouitBerg·
