3224 4734
713 336 1031 450 1-20--'

262 576 339 622 suas
361 556 564 640 scripserunt,
586 555 628 620 de
651 555 758 620 media
781 561 813 622 et
834 576 920 621 nova
942 554 1110 620 comoedia
1132 556 1232 621 attica
1255 562 1387 641 sumpta

262 663 362 743 erant,
392 659 509 744 partim
540 657 627 742 quod
657 657 723 723 iam
753 662 823 722 tum
845 658 1042 725 Graecorum
1074 659 1201 748 litterae
1223 653 1385 742 ,artesque

261 763 384 828 Romae
406 767 511 827 notae·
526 769 559 827 et
581 745 736 846 acceptae
760 767 860 827 erant.

347 864 477 930 Initium
495 863 658 928 iaciamus
681 884 701 928 a
724 863 802 929 Iove
828 882 924 947 quem
948 857 1056 928 Plauti
1078 867 1187 931 aetate
1215 883 1327 930 omnes
1350 867 1386 927 ut

237 1030 246 1038 .
262 987 420 1033 summum
443 972 475 1032 et
497 957 752 1053 potentissimum
768 962 851 1032 caeli
866 972 1038 1049 terraeque
1055 963 1219 1032 dominnm
1235 967 1386 1033 colebant

261 1075 294 1136 et
315 1070 563 1136 venerabantur.
602 1067 696 1147 Quod
727 1073 825 1154 poeta
845 1074 955 1136 noster
987 1068 1064 1134 dicit
1086 1088 1160 1133 eum
1191 1089 1264 1136 esse
1286 1069 1385 1135 filium

260 1171 392 1238 Saturni
422 1180 454 1238 et
486 1171 566 1258 Opis
598 1171 650 1251 (cf.
681 1191 795 1238 versus
818 1176 993 1257 suprad),
1024 1171 1170 1238 Graecae
1202 1171 1385 1237 auctoritati

261 1275 501 1343 attribuendum
517 1275 725 1359 alienumque
740 1295 813 1342 esso
828 1295 848 1340 a
863 1279 1008 1341 veterum
1024 1275 1239 1341 Romanorum
1260 1275 1384 1360 mytho-

259 1379 348 1462 logie
377 1378 442 1444 iam
465 1398 564 1461 supra
586 1378 735 1444 diximus.
772 1379 887 1460 Neque
910 1377 1004 1442 aliter
1036 1379 1240 1444 statuendum
1272 1383 1321 1444 est
1343 1379 1385 1444 de

259 1481 420 1565 Neptuno,
442 1481 497 1564 qui
520 1500 719 1564 quamquam
736 1481 768 1546 in
784 1480 871 1546 Trio.
893 1500 923 1545 v.
946 1481 1009 1545 820
1032 1479 1120 1546 Iovis
1143 1481 1245 1546 frater
1259 1480 1386 1547 dieitur,

258 1587 366 1650 tamen
397 1589 495 1649 antea
526 1584 586 1649 hoc
617 1583 711 1649 modo
744 1603 816 1648 cum
841 1582 919 1649 Iove
942 1582 1145 1648 coniunctum
1177 1602 1250 1648 eum
1280 1583 1384 1650 fuisse

258 1686 347 1751 nulla
368 1686 552 1753 testimonia
573 1687 790 1771 comprobant
820 1685 868 1752 De
891 1687 1012 1760 Iunone
1034 1684 1129 1750 'Iovis
1151 1705 1250 1751 uxore
1270 1690 1385 1771 postea

258 1787 450 1856 videbimus.
742 1790 745 1795 “

239 1913 243 1918 ·
344 1892 452 1957 Plauti
466 1897 575 1958 aetate
585 1892 694 1956 Iovem
710 1912 869 1956 summum
886 1911 993 1974 regem
1009 1891 1140 1957 deorum
1158 1891 1383 1975 hominumque

258 1993 405 2061 habitum
436 2013 510 2060 esse
541 1993 694 2058 diximus:
731 1992 817 2076 quod
852 2014 928 2057 num
967 2013 1095 2078 semper
1126 1995 1246 2058 factum
1277 1994 1319 2058 sit
1348 1989 1399 2058 in

258 2097 389 2163 dubium
412 2097 522 2162 vocari
544 2101 659 2182 potest,
681 2095 709 2160 si
725 2096 766 2161 dc
788 2095 850 2161 deo
867 2095 1039 2160 Summano
1063 2115 1102 2160 ne
1120 2097 1234 2161 Plauto
1251 2096 1382 2178 quidem

257 2202 366 2283 ignoto
389 2199 484 2284 (iide'
498 2199 594 2277 infra)
618 2198 831 2284 disseruimus
853 2197 894 2264 de
916 2219 979 2282 quo
1004 2198 1201 2282 Augustinus
1232 2199 1281 2292 dc¹
1296 2197 1382 2263 civit.

172 2310 177 2318 '
258 2303 319 2366 Dei
341 2304 370 2367 4.
394 2305 449 2368 23:
470 2291 577 2386 „apud
598 2301 688 2387 ipsos
703 2301 836 2386 legitur:
858 2293 995 2366 Romani
1018 2289 1146 2367 ueteres
1160 2301 1269 2367 nescio
1286 2306 1381 2384 qu'cm

258 2405 465 2476 Summanum
488 2405 538 2471 oui
555 2410 709 2474 nocturna
723 2400 859 2471 fulmina
874 2399 1066 2488 tribuebant,
1089 2406 1255 2470 coluerunt
1278 2404 1382 2488 magis

256 2528 353 2593 quam
377 2512 498 2594 lovem;
522 2509 581 2575 sed
596 2515 769 2594 postquam
785 2509 854 2575 Iovi
870 2508 1025 2594 templum
1042 2507 1168 2590 insigne
1189 2527 1228 2573 ac
1244 2508 1381 2574 sublime

257 2611 473 2677 constructum
497 2616 555 2694 est,
575 2617 707 2696 propter
728 2611 820 2678 aedis
842 2610 1033 2693 dignitatem
1056 2608 1102 2674 sic
1125 2610 1258 2676 adeum
1275 2609 1380 2675 multi-

256 2713 335 2782 tudo
357 2714 510 2780 confluxit
532 2721 568 2779 ut
590 2715 646 2779 vix
668 2715 850 2780 inveniatur
873 2712 928 2797 qui
952 2713 1117 2779 Summani
1147 2734 1264 2781 nomen
1294 2712 1383 2796 quod

174 2845 178 2851 ·
256 2816 369 2882 audire
393 2819 457 2882 iam
480 2836 543 2881 non
566 2821 673 2901 potest
695 2835 730 2882 se
744 2815 862 2880 saltem
877 2815 995 2898 legisse
1011 2815 1222 2882 meminerit.“
1254 2813 1381 2892 Quibus

256 2918 364 2984 verbis
395 2939 467 2984 cum
498 2919 696 3002 Augustinus
721 2918 815 3008 ¹dicat
837 2937 872 3000 se
903 2915 991 3002 apud
1021 2917 1184 2982 Romanos
1216 2917 1307 3000 ipsos
1340 2935 1381 2981 ea

255 3021 375 3105 legisse
398 3057 440 3066 —
463 3019 639 3086 Varronem
661 3021 716 3087 vel
738 3021 925 3087 ciceronem
954 3019 1052 3084 tuisse
1081 3019 1150 3084 sine
1179 3018 1381 3088 dubitatione

256 3123 492 3190 statuimus-
514 3124 608 3191 fidem
640 3111 798 3208 abrogare
831 3143 894 3188 non
925 3123 1113 3207 poterimus.
1157 3121 1226 3187 lovi
1253 3123 1382 3205 fulgura

256 3227 321 3293 diei
344 3247 439 3293 sacra
469 3233 574 3310 erant,
605 3226 781 3292 Summano
815 3225 933 3306 noctis,
965 3225 1056 3290 cuius
1088 3224 1223 3290 fulmina
1254 3223 1380 3289 etiamsi

256 3335 366 3414 utpote
388 3330 510 3396 rariora
541 3328 727 3412 diligentius
758 3349 856 3411 quam
879 3327 944 3392 diei
977 3327 1242 3409 observabantur,
1272 3330 1381 3391 tamen

258 3434 359 3498 solam
391 3431 433 3496 ob
464 3430 548 3496 hane
584 3449 717 3496 causam
749 3431 912 3495 Romanos
944 3429 1150 3494 Summanum
1183 3447 1246 3492 non
1278 3427 1381 3509 magis

256 3535 395 3600 coluisse
428 3539 539 3618 putem
573 3552 670 3616 quam
699 3533 822 3615 lovem,
853 3530 1043 3615 praesertim
1081 3551 1152 3595 eum
1185 3529 1381 3613 Augustinus

257 3634 370 3720 addat,
400 3643 532 3722 propter
569 3636 662 3702 aedis
699 3636 891 3719 dignitatem
922 3634 1010 3699 Iovis
1042 3634 1216 3699 Summano
1254 3639 1382 3699 veteres

163 3731 166 3738 ’
257 3739 395 3806 honores
417 3759 480 3806 non
503 3739 638 3806 tributos
661 3738 772 3825 csse.¹)
805 3737 875 3817 Quo
898 3737 933 3804 fit
955 3745 990 3802 ut
1006 3738 1215 3803 Summanum
1235 3737 1382 3803 derivan-

258 3891 461 3906 4———3-

327 3981 347 4048 ¹)
365 3979 452 4044 Quam
472 3980 605 4049 antiquos
623 3979 710 4035 fuerit
728 3979 867 4032 Summani
886 3979 932 4033 dei
951 3978 1053 4041 cultus,
1072 3991 1106 4031 cx
1120 3977 1250 4031 Varrone
1264 3983 1379 4045 quoque

259 4060 449 4133 efficiturqui
468 4065 485 4120 1.
505 4065 522 4118 l.
541 4065 577 4120 V.
596 4074 627 4120 74
648 4070 752 4133 narrat,
770 4063 803 4118 Τ.
816 4064 928 4118 'latium
946 4077 1042 4130 regom
1065 4068 1096 4117 ut
1116 4063 1232 4116 annales
1253 4061 1380 4116 dicerent
1403 4079 1407 4088 ·

261 4157 375 4222 praeter
393 4151 465 4204 alios
484 4151 554 4204 deos
580 4151 705 4218 deasque
725 4151 872 4204 Summano
890 4149 945 4216 ipsi
964 4149 1071 4202 Romae
1090 4163 1164 4201 aram
1188 4159 1381 4204 consecrasse.
