3224 4734
675 285 865 346 -48—

204 470 337 556 fugitiui
355 470 416 536 hoc
438 471 508 536 loco
531 470 579 534 ab
597 469 681 536 omni
711 470 768 534 tuti
802 475 892 536 erant
914 470 1052 555 impetu,
1083 490 1147 536 non
1168 470 1330 553 novimus3

209 573 376 640 exstitisse
399 593 471 638 eam
491 563 527 638 ¹et
548 593 606 658 per
629 593 664 638 se
687 572 840 638 credibile
863 578 913 638 est
928 577 960 637 et
981 572 1057 639 inde
1081 573 1232 656 colligere
1247 573 1331 652 licet,

207 675 297 760 quod
320 675 453 740 Plautus
476 680 561 756 certe
582 674 742 739 timuisset
764 694 805 740 ne
833 663 1031 760 spectatores
1057 675 1158 740 verba
1186 693 1246 738 sua
1267 693 1332 738 non

211 776 404 843 intellecturi
428 784 546 860 essent,
568 777 629 842 nisi
653 777 812 844 eiusmodi
842 779 895 842 lex
919 778 1016 842 etiam
1043 782 1110 840 tum
1132 777 1255 842 Romae
1277 797 1332 841 va·

210 879 336 944 luisset·
330 879 447 964 ,apud
471 879 614 944 Graecos
637 878 718 943 nihil
742 879 890 944 usitatius
914 879 1139 944 fuissenotun
1162 885 1212 944 cst
1235 899 1332 964 quam

211 1005 249 1046 το
239 975 460 1060 καθίζειν
444 981 505 1044 επὶ
525 974 581 1046 τὸν
602 974 720 1064 βωμόν.

209 1147 213 1156 ,
297 1087 442 1150 Transeo
465 1084 507 1149 ad
530 1103 597 1170 res
606 1083 794 1166 augurales,
823 1103 906 1166 quac
938 1083 1065 1149 etiamsi
1092 1104 1156 1150 non
1182 1051 1332 1169 magnam

212 1191 299 1276 certe
306 1186 463 1304 aliquam
486 1186 550 1250 vim
575 1187 661 1270 apud
685 1190 813 1270 poetam
840 1192 982 1250 nostrum
1008 1177 1137 1270 habent.
1181 1187 1334 1252 Seritam

211 1311 330 1372 magna
353 1290 441 1355 est·
433 1310 466 1353 rn
496 1289 547 1373 his
570 1290 666 1374 rebus
697 1289 784 1374 apud
806 1289 967 1354 Romanos
997 1290 1210 1374 conlusio,ut
1177 1289 1329 1355 uthaurl

210 1411 284 1456 raro
306 1391 440 1456 loci't
392 1395 440 1454 ιιιι
442 1410 478 1455 ιι
500 1409 535 1455 se
558 1391 708 1456 contrarii
734 1391 897 1475 reperiant
898 1411 949 1472 ur,
970 1391 1003 1455 id
1026 1393 1111 1474 quod
1137 1393 1330 1458 Graecorum

212 1491 397 1572 auctoritati
411 1491 615 1557 tribuendum
632 1492 701 1557 erit.
732 1493 866 1557 Plautus
882 1492 1011 1575 quidem
1027 1495 1060 1560 iu
1077 1495 1147 1559 Aul.
1163 1515 1193 1558 ιι.
1211 1496 1272 1558 624
1288 1515 1334 1578 sq,

213 1593 304 1659 dicit:
345 1594 437 1677 „Non
467 1598 619 1682 temerest
659 1594 745 1678 quod
777 1614 891 1660 coruus
922 1601 1031 1659 cantat
1060 1595 1140 1659 mihi
1170 1614 1266 1679 nunc¹
1293 1597 1335 1676 ab

214 1698 310 1762 laeva
333 1717 438 1779 manu,
461 1697 563 1762 Simul
585 1697 722 1762 radebat
738 1697 877 1782 pedibus
898 1703 1016 1762 temam
1039 1703 1071 1762 et
1093 1717 1173 1762 voce
1194 1685 1335 1762 erooibat

215 1798 366 1882 sua;“·in
389 1799 478 1865 Asin.
501 1804 607 1864 autem
625 1820 654 1865 v,
672 1799 732 1865 259
749 1820 808 1885 sq.:
830 1800 1048 1886 „Impetritum
1068 1802 1336 1884 inauguratumst:
1372 1867 1376 1874 ,

214 1901 330 1984 quovis
355 1900 470 1966 admitt
457 1904 527 1964 tunt
553 1919 644 1981 aves,
676 1901 772 1964 Picus
803 1905 835 1966 et
866 1903 977 1967 cornix
1008 1902 1049 1986 ab
1081 1903 1190 1984 laeva,
1221 1922 1336 1968 corvus

212 2022 312 2089 parra
334 2003 376 2067 ab
399 2001 532 2094 dextera
555 2002 787 2068 Consuadent.“
819 2001 942 2080 Quibus
965 2023 1034 2091 eum
1055 2003 1203 2068 versibus
1226 2005 1336 2068 confer

215 2103 995 2188 siplacctflor.oarm.ssl.27vers1-1:e
1014 2103 1183 2188 „Oscinem
1206 2125 1333 2168 corvum

215 2211 311 2291 prece
334 2206 495 2271 suscitabo
512 2205 596 2284 Solis
611 2207 653 2270 ab
669 2213 749 2270 ortu.
778 2206 831 2270 Sis
845 2205 921 2271 lieet
935 2206 1013 2271 felix
1029 2206 1209 2290 ubicunque
1223 2207 1337 2288 mavis,

218 2309 259 2372 Et
283 2327 404 2372 memor·
426 2307 527 2372 nostri
550 2307 689 2373 Galatea
710 2308 804 2372 vivas
827 2308 939 2390 Teque
962 2328 1021 2373 neo
1044 2310 1156 2373 laevus
1178 2314 1266 2374 vetet
1288 2308 1335 2374 ire

214 2409 313 2494 ¹piare
335 2409 405 2474 Nce
427 2428 512 2492 vaga
534 2391 677 2494 eorni'x3‘t
698 2409 751 2474 hic
775 2411 864 2475 loeus
888 2411 1031 2496 expediri
1053 2431 1116 2474 non
1139 2417 1254 2494 potest,
1275 2410 1337 2475 nisi

219 2513 309 2577 volat
296 2517 348 2577 tus
372 2513 436 2596 pici
459 2531 480 2577 a
502 2513 616 2578 dextra
639 2533 748 2595 manu,
779 2518 892 2578 cantus
915 2514 1000 2579 corvi
1023 2532 1043 2577 a
1066 2513 1159 2578 sinist
1161 2533 1197 2578 ra
1147 2515 1335 2578 tbonum

218 2619 386 2701 augurium
410 2617 580 2720 portendit.
604 2618 722 2684 Cornix
744 2625 852 2682 autem
876 2638 914 2682 eo
931 2618 1016 2710 quod
1031 2638 1090 2683 nec
1106 2639 1126 2682 a
1142 2619 1256 2683 dextra
1279 2639 1337 2684 nec

219 2741 240 2784 a
264 2720 394 2786 sinistra
417 2741 515 2784 manu
536 2719 636 2802 volat,
668 2718 727 2784 sed
749 2719 810 2783 hue
832 2719 908 2784 illuc
936 2725 1084 2803 vagatur,
1114 2721 1329 2785 infaustat
1280 2728 1337 2785 est.

218 2822 255 2887 In
277 2822 348 2888 Aul.
380 2842 457 2887 vero
488 2806 636 2887 versibus
658 2826 772 2885 cantus
799 2821 885 2885 corvi
909 2822 951 2886 ab
974 2823 1067 2913 laeua
1097 2822 1258 2886 infaustus
1280 2829 1336 2906 ιιι,

217 2925 282 3008 pici
315 2931 347 2990 et
378 2924 514 2988 cornicis
545 2925 579 2988 in
608 2922 697 2989 Asin.
727 2923 769 2988 ab
800 2923 913 2989 eadem
950 2901 1043 3010 parte
1074 2900 1160 2990 felia
1213 2923 1337 3001 Quibus

218 3027 376 3110 exemplis
398 3032 536 3110 apparet
559 3033 736 3110 temporum
761 3045 855 3091 cursu
886 3025 946 3090 has
973 3045 1025 3092 res
1048 3028 1143 3110 plane
1171 3045 1244 3091 esse
1267 3047 1336 3091 mu-

216 3134 303 3194 tatas
318 3129 366 3192 ita
380 3133 415 3192 ut
430 3128 516 3210 qued
531 3128 640 3192 Plauti
649 3133 757 3193 aetate
767 3130 935 3212 augurium
952 3136 1021 3194 erat
1037 3131 1166 3210 malum,
1182 3130 1333 3213 tempori-

218 3233 277 3297 bus
302 3231 410 3295 Horati
426 3231 542 3296 bonum
560 3237 655 3295 esset.
687 3229 798 3296 Cicero
822 3252 897 3296 vero
921 3232 1005 3324 quod
1022 3232 1053 3295 in
1077 3232 1157 3296 libro
1173 3232 1214 3296 de
1237 3232 1334 3295 divin.

216 3335 240 3400 Ι.
265 3337 292 3399 7.
318 3335 365 3398 12.
388 3351 517 3396 corvum
541 3353 562 3395 a
584 3333 698 3397 deutra
720 3317 887 3398 canentem
910 3334 1027 3400 bonum
1050 3335 1218 3416 augurium
1245 3340 1337 3418 putat

217 3435 420 3519 portendere,
442 3442 583 3500 veterem
608 3433 786 3500 doctrinam
809 3436 960 3518 sequitur.
998 3437 1185 3501 Aululariae
1207 3454 1336 3501 versum

217 3539 326 3602 neseio
349 3559 391 3602 an
409 3537 545 3602 Plautus
569 3557 609 3602 ex
626 3538 751 3602 Graeco
774 3545 871 3621 poeta
895 3539 1080 3622 sumpser·it;
1107 3538 1227 3602 croeire
1251 3537 1334 3602 eninr

215 3638 304 3724 apud
330 3638 417 3719 hos¹)
441 3639 694 3722 usitatissimum,
721 3640 808 3725 apud
837 3641 1000 3705 Romanos
1028 3640 1107 3706 alibi
1134 3660 1196 3705 non
1220 3639 1337 3723 legitur

284 3878 302 3945 ¹)
322 3874 364 3934 (ll.
377 3877 485 3932 Lucian
499 3877 535 3932 de
549 3876 655 3931 electro
675 3884 702 3946 53
720 3877 805 3932 Arist.
818 3880 885 3949 Lys.
900 3885 963 3938 506:
982 3879 1072 3950 σαυτῇ
1085 3875 1220 3951 κρώξαιςι
1240 3877 1335 3932 Sobel.

209 3963 321 4018 adnot:
347 3958 422 4032 „aab
442 3961 614 4034 μεταφοιιῐς
641 3962 698 4020 τῶν
721 3956 832 4035 ὅρνεων
856 3966 913 4021 τῶν
938 3964 1166 4020 δυσοιωνιστων“
1207 3961 1241 4016 cf.
1263 3961 1336 4016 Plut.

210 4053 275 4104 369:
296 4043 331 4105 σὺ
348 4046 402 4117 μὲν
421 4043 472 4104 οἶδ’
496 4041 512 4104 b
532 4043 662 4116 κρώξιιςς
681 4049 787 4104 Polluc.
806 4051 823 4105 1.
842 4058 865 4105 ὁ.
884 4057 924 4106 89.
