3224 4734
756 335 948 396 ..7-

165 539 169 546 ·
285 493 489 584 „custoditur
523 503 557 566 in
589 501 702 568 eodem
726 503 796 568 loco
828 507 862 566 ut
893 522 1004 568 omnes
1031 509 1144 588 aperto
1175 503 1283 589 capite
1319 515 1413 577 sacra
1528 549 1532 554 -

284 604 418 690 faoiaut3
441 606 504 698 lroc
526 604 560 670 fit
581 624 622 670 ne
646 604 718 687 quis
740 604 773 669 iu
796 604 879 671 aede
902 601 956 671 d'ei
974 605 1149 692 (Herculis)
1171 606 1316 672 habitum
1339 607 1410 674 eius

284 707 439 792 imitetur3
470 726 543 773 nam
576 709 647 792 ipse
670 706 716 772 ibi
739 713 851 792 operto
875 713 926 774 cst
949 707 1064 792 capite.
1113 709 1211 774 Varro
1242 708 1289 775 ait
1311 709 1410 776 Grae·
1504 735 1509 744 ’

286 830 359 876 curn
381 812 465 876 hunc
487 831 560 877 csse
582 827 717 876 morem:
741 811 818 894 quia
840 805 910 877 sire
932 810 1005 895 ipse
1028 811 1097 877 sive
1120 811 1175 895 qui
1190 812 1233 878 ab
1249 833 1287 880 eo
1303 813 1409 884 relicti

284 933 374 979 aram
389 913 570 980 'maximam
594 919 787 997 statuerunt,
818 914 943 981 Graeco
966 914 1028 980 ritu
1052 915 1342 999 sacrificaverunt;“
1371 916 1411 982 cf.

283 1015 358 1083 ibid„
381 1017 407 1098 Ι,
429 1019 458 1082 8.
480 1020 508 1082 2.
553 1017 614 1081 Hic
642 1035 712 1082 moe
740 1016 815 1082 aliis
843 1017 1157 1102 quoqueexemplis
1186 1019 1411 1103 comprobatur
1435 1011 1439 1019 ’

282 1124 316 1183 ut
340 1119 407 1186 dic.
429 1119 462 1184 in
486 1120 568 1186 libro
591 1119 632 1184 de
656 1119 743 1185 deor.
765 1123 829 1186 nat.
851 1119 895 1185 11.
919 1122 947 1185 3.
971 1121 1027 1204 103
1050 1121 1088 1186 cf.
1112 1120 1210 1190 etiarn
1225 1126 1300 1187 acta
1319 1121 1410 1188 fratr·

283 1221 506 1309 a1=v.'(Henn.)
537 1245 568 1307 p.
600 1225 653 1288 79:
684 1223 717 1287 in
748 1243 870 1308 pronao
902 1222 995 1288 aedis
1018 1221 1247 1291 Concordiae.
1270 1223 1409 1290 .velato

283 1325 390 1412 capite
412 1373 420 1388 .
442 1375 450 1392 .
474 1325 665 1391 sacrificium
688 1325 881 1391 indixerunt.
903 1325 998 1410 Prop.
1021 1329 1076 1390 Ill.
1099 1327 1140 1390 28
1150 1325 1178 1393 b.
1199 1327 1251 1394 45.

366 1426 537 1494 Pluribus
561 1428 643 1493 locis
679 1426 808 1512 Epidioi
844 1426 976 1493 fabulae
1007 1427 1142 1494 Plautus
1176 1427 1340 1494 ‘fidicinam
1376 1427 1409 1495 in

282 1551 433 1599 scaenam
457 1531 618 1617 produxit,
642 1550 724 1614 quae
748 1530 823 1610 dum
845 1549 898 1596 res
920 1529 1144 1614 divina-fieret
1159 1537 1304 1600 cantaret
1327 1531 1404 1617 (315
1445 1595 1447 1600 .

281 1655 308 1703 e,
331 1634 384 1721 c.);
409 1635 435 1700 si
459 1634 521 1701 hoc
542 1634 628 1717 fecit,
650 1655 691 1700 nc
714 1652 792 1700 vera
814 1653 914 1699 causa
938 1653 994 1700 cur
1018 1634 1176 1700 arcessita
1191 1640 1277 1700 esset
1292 1654 1409 1719 cogno·
1501 1669 1504 1676 ·

282 1735 1408 1822 secratur-haeceuimfidiciuaeratpnellaStratippoclis-morem

284 1841 500 1905 Romanorum
523 1839 653 1906 minime
677 1839 821 1906 servavit
835 1859 896 1904 uec
912 1838 998 1925 apud
1016 1838 1160 1906 Graecos
1175 1832 1409 1926 κιθαρίστριαι

283 1934 521 2028 valediceret
551 1942 583 2006 in
615 1942 781 2008 sacrificiis
813 1946 981 2008 cantantes
1012 1940 1091 2006 mihi
1122 1947 1325 2009 occurrerunt
1356 1942 1408 2028 (cf.

282 2046 445 2110 Hermann
482 2047 622 2129 gottesd.
646 2043 791 2111 ‘Altertu
821 2035 880 2110 der
914 2043 1089 2111 Griccheu²
1121 2067 1151 2130 p.
1183 2046 1254 2126 226,
1286 2046 1340 2130 16)
1376 2051 1408 2112 et

281 2148 324 2213 ad
345 2154 473 2234 tempus
496 2149 583 2235 apud
606 2149 759 2215 Etruscos
774 2153 898 2215 tantum
921 2144 1030 2212 hocin
1046 2168 1106 2213 usn
1125 2147 1227 2214 inisse
1250 2147 1327 2234 scio,
1349 2148 1405 2214 ubi

286 2250 501 2318 citharistrias
523 2252 556 2318 iu
580 2251 745 2318 sacrificiis
768 2255 921 2318 canentes
943 2271 1006 2317 non
1028 2270 1102 2316 raro
1124 2249 1340 2337 reperiuntur;
1367 2251 1406 2316 cf.

282 2354 416 2420 Mueller
437 2355 491 2419 die
514 2353 672 2420 Etrusker
692 2353 747 2419 Hp
769 2355 831 2418 200
853 2354 926 2420 adn.
950 2354 999 2422 11.

287 2485 291 2495 ·
367 2456 477 2523 Aedes
499 2461 607 2522 autem
624 2457 756 2523 deornm
772 2455 806 2521 in
820 2456 936 2521 Plauto
953 2476 1116 2539 nunquam
1129 2443 1284 2541 templum¹
1305 2456 1407 2522 nomi-

268 2563 382 2646 ,natnn
405 2559 462 2625 sed
486 2559 632 2624 omnibus
655 2558 735 2626 locis
759 2559 858 2625 aedes
881 2577 974 2624 sacra
997 2559 1050 2623 vel
1072 2557 1181 2623 fanum
1215 2558 1268 2624 vel
1295 2558 1407 2625 delub-

166 2745 169 2750 .
229 2711 233 2718 -
281 2683 349 2728 rum
383 2661 430 2748 (iu
462 2682 524 2728 uno
555 2662 653 2730 Poen.
683 2681 714 2730 ι.
737 2663 765 2728 5.
789 2666 816 2729 4.
840 2661 886 2748 2);
919 2661 960 2727 de
992 2659 1226 2744 significatione
1257 2659 1407 2727 venabuli

281 2763 392 2848 templi
424 2764 457 2828 in
490 2764 616 2830 duobus
638 2764 718 2830 locis
745 2763 905 2830 Plautinis
937 2761 1019 2830 Rud.
1042 2763 1118 2844 909,
1148 2762 1214 2830 Mil
1245 2761 1308 2828 413
1330 2763 1407 2832 vide

281 2865 590 2952 Nmffllipd

366 2968 532 3036 Interdum
563 2974 660 3054 pocta
695 2969 736 3037 de
770 2988 829 3033 ara
849 2967 989 3051 loquitur
1015 3003 1058 3014 -
1087 2965 1206 3033 Tranio
1234 2987 1347 3033 servus
1373 2967 1406 3034 in

283 3073 374 3137 Most.
397 3090 469 3136 cum
491 3071 525 3136 in
548 3071 631 3136 hunc
654 3072 758 3137 locum
780 3069 961 3154 confugerit
989 3089 1094 3154 neque
1124 3089 1318 3154 quemquam
1344 3069 1404 3136 sibi

282 3173 333 3238 hic
365 3174 545 3240 nociturum
577 3191 650 3238 esse
683 3172 765 3238 sciat
796 3170 849 3238 vel
881 3171 1043 3238 dominum
1076 3193 1168 3238 snum
1199 3171 1311 3238 ludere
1342 3192 1404 3238 non

281 3277 419 3362 dubitat,
451 3281 483 3343 et
504 3275 537 3341 in
560 3275 642 3342 Rud.
664 3296 693 3340 v.
718 3278 779 3342 694
802 3295 848 3360 sq.
871 3275 955 3342 duae
977 3275 1129 3342 mulieres
1156 3295 1197 3342 nc
1223 3274 1349 3341 lenonis
1370 3270 1405 3339 iu

284 3402 397 3447 manus
428 3379 574 3447 incidant
605 3401 695 3446 aram
730 3379 867 3446 Veneris
898 3380 1115 3446 conscendere
1147 3386 1282 3464 pergunt
1310 3379 1405 3444 -iu

282 3501 346 3566 qua
368 3483 470 3568 siquis
493 3481 684 3549 consederat
706 3502 811 3566 neque
843 3482 914 3567 ipse
929 3475 1065 3549 'malum
1096 3482 1230 3548 timebat
1256 3500 1316 3548 nec
1338 3480 1405 3547 cni-

198 3585 202 3592 ’
282 3606 378 3670 quam
409 3585 493 3650 hunc
516 3583 557 3650 de
579 3605 637 3650 ara
659 3585 824 3670 depellere
847 3586 900 3650 vel
932 3583 1081 3670 deripere
1112 3584 1244 3650 licebat:
1275 3605 1333 3652 ara
1356 3590 1406 3652 est

282 3689 371 3755 locus
393 3687 521 3753 divinus
545 3691 578 3753 ut
592 3687 639 3752 ait
654 3687 772 3752 Tranio
789 3687 822 3751 in
834 3707 864 3754 v.
881 3687 972 3754 1104.
1005 3687 1126 3766 Quodsi
1148 3693 1255 3752 tamen
1271 3686 1404 3753 Plautus

281 3789 314 3854 in
337 3790 457 3856 fabulis
480 3789 544 3854 illis
566 3789 715 3856 lenonem
738 3794 772 3856 ct
798 3789 962 3855 dominum
989 3790 1149 3856 minantes
1179 3787 1257 3854 fecit
1281 3807 1316 3855 se
1337 3789 1405 3872 igni

283 3898 314 3960 et
337 3891 508 3959 sarmentis
530 3891 639 3958 allatis
662 3911 719 3958 eos
740 3893 784 3960 ab
799 3893 865 3958 aris
881 3913 955 3960 csse
971 3891 1171 3979 depulsuros,
1194 3910 1232 3956 ea
1248 3890 1289 3957 de
1305 3909 1404 3956 causa

282 3995 342 4062 hoe
365 3987 492 4061 videtur
513 3994 692 4080 scripsisse,
716 3999 750 4060 nt
765 3995 965 4082 impietatem
981 4001 1013 4062 et
1027 3993 1265 4082 improbitatem
1280 3992 1404 4060 lenonis

281 4103 313 4163 ct
334 4097 556 4164 crudelitatem
579 4096 700 4162 domini
722 4097 928 4165 describeret
958 4099 1078 4182 Legem
1105 4096 1249 4181 quidem,
1270 4115 1312 4162 ex
1335 4115 1400 4178 qua
1436 4110 1440 4118 ¹
