3224 4734
706 346 831 412 .-42
876 383 919 396 -

249 517 311 582 hoc
335 521 367 583 et
390 535 524 584 coronas
539 516 665 601 floreas,
688 517 777 584 Haeo
792 517 997 602 imponentur
1020 516 1053 582 in
1073 517 1146 584 foco
1170 523 1279 584 nostro
1294 518 1375 583 Lari

249 619 294 686 Ut
316 619 495 686 fortunatas
518 619 620 686 faeiat
641 624 759 704 gnatae
782 619 955 706 nuptias“);
977 620 1074 687 rebus
1089 640 1245 706 prospere
1261 621 1375 687 ceden-

250 722 336 788 tibus
367 721 408 787 iis
439 723 545 806 gratia
576 723 681 806 agitur
714 721 807 810 (llud
841 721 955 808 1206);
991 715 1092 790 Lares
1123 723 1227 790 viales
1259 722 1313 807 qui
1343 722 1377 788 in

251 823 399 910 compitis
430 824 619 891 colebantur
650 825 743 891 nobis
775 829 945 892 occurrunt
976 825 1009 890 in
1036 826 1133 892 Mero.
1164 846 1193 891 r.
1215 827 1292 910 865,
1323 824 1377 890 ubi

252 926 423 993 Charinus:
454 928 593 1012 „Invoco
618 927 685 993 Vos
708 928 810 994 Lares
833 927 951 1011 riales,
983 933 1018 993 ut
1048 948 1099 994 me
1120 930 1204 995 bene
1234 926 1379 994 iuvetis.“

254 1030 335 1096 Cum
350 1034 458 1096 autem
475 1029 719 1096 familiarissimi
740 1030 835 1095 amici
851 1031 995 1096 familiae
1011 1030 1181 1097 cuiuslibet
1196 1031 1268 1116 sint,
1290 1029 1377 1102 cenis

254 1152 382 1217 quoque
413 1133 569 1200 intersunt
595 1133 700 1218 iisque
728 1133 790 1199 cibi
813 1135 848 1199 in
869 1134 999 1220 patellis
1021 1134 1271 1220 proponuntur¹)
1294 1133 1379 1199 unde

253 1240 389 1302 venuste
417 1236 613 1322 patellularii
645 1235 793 1302 dicuntur
813 1237 848 1302 in
870 1236 946 1302 (list.
968 1255 997 1303 v.
1025 1240 1053 1305 2.
1077 1240 1106 1304 1.
1137 1238 1178 1302 46
1207 1241 1239 1304 ct
1260 1237 1377 1302 Larem

254 1339 447 1406 familiarem
474 1338 576 1404 multa
607 1337 761 1425 deinceps
787 1338 932 1404 familiae
960 1359 1081 1423 genera
1109 1340 1223 1406 eodem
1251 1359 1378 1425 semper

253 1440 349 1506 modo
365 1441 447 1508 tucri
462 1443 582 1527 optime
607 1442 755 1508 videmus
777 1443 811 1508 in
827 1443 898 1507 Aul.
920 1442 1054 1528 prologo
1083 1443 1173 1508 cuius
1199 1443 1299 1509 verba
1325 1441 1378 1507 hie

255 1549 402 1629 repetere
424 1563 488 1609 non
512 1549 561 1628 est
582 1545 810 1612 necessarium.

343 1646 563 1715 Transeuntes
591 1649 633 1714 ad
655 1649 768 1733 genios
794 1648 933 1734 primum
955 1648 1072 1714 Bacch.
1094 1670 1123 1715 v.
1149 1649 1227 1715 615:
1258 1648 1378 1734 „Male-

256 1749 387 1817 volente
400 1751 504 1835 ¹genio
528 1756 622 1817 natus
652 1752 740 1816 sum“
771 1751 854 1818 bene
882 1751 1141 1836 comparabimus
1168 1771 1240 1816 cum
1262 1749 1326 1815 Mil.
1348 1769 1378 1815 v.

255 1853 320 1917 314
342 1857 375 1919 et
396 1855 488 1922 Most.
510 1855 586 1920 563:
607 1855 729 1938 „Natus
752 1853 803 1919 dis
824 1853 964 1920 inimicis
987 1854 1168 1937 omnibus‚“
1198 1854 1239 1920 de
1263 1853 1379 1937 quibus

258 1955 324 2020 iam
356 1975 455 2042 supra
486 1956 591 2042 dixi.²)
632 1957 747 2022 lilius
778 1962 887 2022 autem
919 1957 1052 2023 deorum
1084 1977 1156 2022 cum
1193 1957 1305 2040 genius
1337 1955 1379 2021 ab

256 2057 407 2124 Aufustio
430 2057 519 2143 apud
533 2060 665 2126 Festum
686 2059 875 2142 nominetur,
898 2059 995 2125 etiam
1017 2057 1216 2124 sacrificatur
1238 2059 1267 2124 ei
1291 2064 1324 2125 ut
1346 2059 1379 2124 in

219 2174 221 2180 ’
257 2158 349 2257 Capt.
371 2179 401 2226 v.
425 2163 487 2227 290
510 2182 555 2245 sq.
600 2165 775 2244 Postquam
796 2166 904 2227 autem
927 2160 1049 2227 homini
1071 2162 1166 2227 datus
1193 2161 1279 2248 est‚³)
1306 2181 1379 2227 cum

259 2262 320 2330 hoc
343 2264 414 2347 ipso
438 2264 484 2329 ita
506 2270 556 2330 est
579 2263 781 2348 coniunctus,
814 2269 849 2329 ut
875 2283 952 2348 „ego
975 2269 1008 2330 et
1034 2265 1147 2348 genius
1174 2265 1295 2348 meus“‚
1326 2268 1380 2346 „tu

253 2371 285 2432 et
317 2366 432 2450 genius
463 2367 554 2432 tuus“
585 2386 644 2452 pro
677 2387 741 2432 una
773 2365 953 2451 cademque
985 2386 1126 2451 persona
1157 2367 1234 2451 poni
1265 2366 1379 2452 possit;

253 2470 433 2536 cuiusmodi
465 2487 580 2537 versus
617 2475 724 2540 exstat
746 2470 837 2538 Ourc.
861 2472 936 2535 628:
966 2469 1128 2553 „Servabo
1155 2474 1187 2535 te
1214 2474 1380 2552 tamquam

255 2593 308 2639 me
325 2579 358 2639 et
373 2559 501 2656 genium
524 2575 658 2658 meum“‚
680 2594 816 2658 quocum
833 2590 1021 2658 comparare
1036 2572 1113 2637 licet
1134 2571 1306 2658 inOapt.v.
1318 2574 1378 2638 977

254 2674 412 2760 Hegionis
435 2677 537 2742 rerba
559 2696 643 2760 quae
666 2675 709 2740 ad
724 2675 940 2742 Philocratem
962 2675 1115 2759 loquitur:
1138 2678 1218 2754 „Per
1237 2679 1325 2740 tuom
1349 2679 1379 2739 te

254 2779 384 2860 genium
409 2779 557 2862 obsecro,
587 2778 652 2844 exi:
683 2786 715 2844 te
738 2777 839 2858 volo“‚
871 2786 903 2843 et
925 2774 1039 2844 uersus
1061 2778 1171 2862 paullo
1194 2776 1379 2842 diffusiores

253 2881 326 2947 Aul.
348 2883 423 2947 724:
446 2886 514 2965 „lle
531 2885 659 2964 egomet
675 2873 865 2947 defraudavi
880 2877 1094 2964 Animumque
1117 2901 1221 2948 meum
1239 2879 1380 2963 genium-

256 3003 318 3068 que
342 2984 480 3050 meum.“
506 2982 597 3068 Capt.
620 2987 727 3049 autem
750 3002 864 3049 versus
880 2984 941 3050 977
964 2984 997 3049 in
1013 3003 1076 3066 quo
1100 2982 1194 3067 quasi
1215 2983 1380 3050 meliorem

330 3255 349 3326 ¹)
368 3255 446 3310 Idem
473 3272 534 3311 mos
553 3255 697 3312 invenitur
725 3256 801 3325 apud
829 3264 942 3310 veteres
962 3255 1134 3310 Germanos:
1162 3254 1276 3325 Grimm,
1301 3255 1328 3310 d.
1345 3253 1382 3314 M.

255 3359 282 3411 p.
300 3351 342 3411 41,
362 3349 402 3408 52,
420 3350 479 3406 err,
498 3349 556 3398 478.

324 3430 346 3498 ²)
365 3427 407 3484 (lf.
419 3425 527 3483 Aesch.
546 3425 649 3496 Agam.
667 3446 693 3485 v.
708 3435 786 3486 1295:
805 3431 865 3498 „rig
888 3423 927 3484 cir
949 3422 1063 3496 εὔξαιτο
1080 3432 1195 3502 βροτᾶν
1207 3422 1306 3484 ἀσινεῖ
1324 3429 1380 3484 δαί-

255 3533 323 3583 μονι
343 3514 432 3586 φῦναι
450 3508 511 3571 rcr'rl'
524 3510 666 3580 ἇκούων,“
685 3513 766 3584 „quis
778 3513 848 3569 haec
866 3513 985 3568 audieus
1004 3527 1034 3568 se
1048 3513 1164 3569 innoxio
1183 3512 1268 3582 genio
1286 3519 1380 3569 natum

255 3613 319 3654 esse
338 3600 492 3655 censebit.“

328 3687 349 3754 ³)
369 3684 412 3742 Of.
430 3684 511 3741 Mart.
530 3669 633 3755 Cama
654 3693 715 3741 152:
739 3684 824 3754 „ideo
843 3685 949 3740 dicitur
966 3686 1066 3754 genius
1087 3684 1218 3755 quoniam
1238 3700 1300 3739 cum
1318 3683 1381 3754 quis

260 3771 405 3825 hominum
424 3771 539 3840 genitus
562 3770 648 3826 fuerit
666 3786 730 3825 mcx
749 3771 839 3826 eidem
864 3771 1040 3840 copulatur;“
1066 3774 1216 3840 praeterea
1239 3770 1306 3826 vide
1324 3769 1382 3824 Me·

257 3856 361 3912 nandri
379 3855 567 3924 fragmentum
592 3856 667 3925 apud
686 3853 770 3912 licio.
789 3863 851 3912 534:
870 3849 984 3914 ‘laevet
1008 3857 1119 3927 δαίμων
1141 3852 1381 3936 ἀνδρὶνσυμπαρί-

259 3963 362 4004 σταται
371 3938 468 4009 Εὐθὺς
485 3941 633 4020 γενομένῳ
654 3940 846 4017 μυσταγωγὸς
867 3944 920 4000 τοῦ
927 3945 993 4018 βίον
1006 3939 1138 4017 Ἀγαθός
1165 3939 1240 4000 κτὲ.“
1275 3941 1382 3998 Eadem

258 4037 303 4087 est
332 4031 464 4088 doctrina
481 4028 609 4087 Platonis
632 4030 661 4084 in
679 4029 784 4085 Phaed.
811 4045 839 4113 p.
860 4037 907 4086 107
927 4030 961 4085 D.
989 4059 1019 4071 -
1050 4029 1282 4099 cerimonem:
1307 4029 1382 4101 „Der

258 4117 445 4176 wesentliche
463 4118 575 4188 Begriff
593 4117 671 4176 eines
690 4116 905 4191 Schntageistes
924 4117 961 4174 ist
979 4115 1031 4172 das
1050 4114 1316 4190 Angeborensoin.“
