3224 4734
699 367 912 431 ..33-

243 543 313 604 tore
336 537 392 603 illo
416 536 552 603 ridiculo
574 555 633 622 por
655 536 763 603 iooum
787 536 865 603 diait
887 537 920 603 in
942 556 1038 603 versu
1062 537 1117 604 ll:
1148 538 1249 622 „Tam
1272 537 1370 605 bella·

244 645 346 707 torem
378 641 467 706 Mars
498 659 534 706 se
564 638 651 706 haud
683 641 769 705 ausit
800 640 939 725 diaere;“
976 640 1086 725 itaque
1117 640 1151 705 in
1182 644 1276 707 Troe.
1307 641 1370 707 515

244 741 480 826 Stratophanes
511 741 604 808 miles
636 741 677 807 de
709 761 745 807 se
768 742 851 828 ipso:
886 743 992 826 „Mars
1023 762 1159 827 peregre
1193 743 1370 810 adveniens

245 846 365 910 salutat
387 843 558 911 Nerienem
581 863 713 911 uxorem
737 845 856 911 suam.“
901 843 1014 929 Neque
1037 864 1114 929 ergo
1144 845 1258 911 mirum
1280 846 1369 912 vide-

245 953 308 1032 tur,
341 947 427 1030 quod
448 947 624 1014 bellatores
647 947 701 1029 qni
724 947 758 1013 in
781 947 951 1014 comoedia
973 948 1007 1012 in
1029 967 1181 1014 soaenam
1213 947 1372 1032 prodeunt

245 1069 303 1135 per
325 1049 410 1116 huno
433 1049 529 1115 deum
551 1049 667 1134 iurant,
691 1055 725 1115 ut
747 1055 797 1116 θεῖ
818 1050 853 1115 in
876 1049 1191 1134 Mil.glor.v.1414
1213 1050 1268 1118 ubi
1291 1051 1372 1135 Pyr-

246 1151 448 1238 gopolinioes
477 1150 567 1217 dioit:
599 1157 688 1236 „Iuro
719 1172 778 1238 per
801 1157 911 1218 Iovem
940 1157 973 1218 et
995 1153 1173 1240 Mauortem
1206 1172 1257 1219 me
1288 1151 1373 1218 noei-

243 1259 350 1321 turum
372 1253 524 1338 nemini·,“
548 1254 587 1321 of.
609 1259 782 1338 praeterea
804 1255 921 1320 Baoeh.
944 1275 973 1321 v.
997 1255 1058 1321 847
1082 1255 1137 1322 ubi
1161 1255 1373 1322 Cleomachus
1441 1277 1443 1282 ·

246 1357 353 1422 miles:
375 1356 477 1440 „Nam
499 1375 604 1440 neque
627 1357 763 1424 Bellona
778 1356 864 1423 mihi
888 1378 1030 1442 unquam
1052 1377 1112 1423 nee
1128 1359 1215 1426 Mars
1231 1358 1374 1441 eredunt,

248 1457 290 1524 Ni
306 1458 395 1525 illum
411 1459 626 1525 exanimalem
642 1460 747 1526 laxo.“
780 1461 914 1526 Bellona
929 1460 963 1528 in
973 1460 1090 1545 Amph.
1106 1480 1234 1544 quoque
1249 1461 1373 1546 prologi

247 1581 344 1628 versu
365 1561 409 1627 43
432 1581 503 1627 oum
526 1563 629 1628 Marte
652 1562 823 1629 coniuncta
845 1567 903 1644 est,
927 1583 998 1628 oum
1021 1562 1055 1628 in
1071 1562 1164 1629 'l'rua
1186 1582 1283 1629 versu
1308 1584 1333 1630 s.
1349 1583 1373 1630 s.

245 1661 344 1730 Nerio
375 1685 457 1730 uxor
487 1665 557 1730 eius
589 1666 785 1752 appelletur,
818 1685 914 1748 quam
944 1664 1007 1730 hoo
1039 1665 1211 1731 nominea
1240 1666 1374 1732 Sabinis

246 1767 366 1832 sultam
390 1786 462 1832 esse
479 1767 606 1850 seimus,
628 1768 766 1834 fortasse
782 1767 880 1833 etiam
900 1769 941 1833 ab
958 1767 1097 1851 Umbris,
1119 1767 1175 1850 qui
1191 1772 1225 1832 ut
1240 1768 1371 1834 tabulae

248 1870 405 1952 Iguuinos
436 1868 554 1935 dooent
585 1870 728 1936 radioem
759 1869 855 1935 huius
886 1870 975 1935 vocis
1009 1871 1102 1951 „ner“
1137 1869 1190 1956 (ol.
1213 1857 1308 1958 ἀνήρ)
1340 1870 1374 1935 in

248 1972 358 2056 lingua
382 1991 442 2038 sua
474 1971 635 2040 exhibent.
681 1973 751 2038 llno
784 1973 923 2057 partinet
954 1973 1043 2038 urbis
1074 1993 1203 2056 quoque
1231 1975 1374 2040 Narniae

249 2095 364 2142 nomen
396 2076 430 2140 in
453 2075 588 2142 Umbria
621 2075 713 2142 sitae.
758 2075 851 2154 Quod
885 2082 993 2142 autem
1024 2077 1112 2143 Mars
1143 2096 1216 2142 oum
1250 2077 1375 2142 Venere

249 2177 450 2261 ooniungitur
465 2177 499 2242 in
509 2178 575 2242 Mil.
591 2178 670 2261 glor.
692 2198 723 2245 u.
742 2181 833 2262 1384,
856 2179 912 2246 ubi
927 2199 1008 2264 puer
1023 2178 1079 2262 qui
1095 2179 1374 2264 Pyrgopolinioem
1466 2183 1469 2196 '

247 2280 387 2346 maxime
407 2278 568 2347 aduobus
584 2281 634 2346 dis
657 2281 764 2347 ourani
793 2281 1015 2367 contenderat,
1038 2283 1079 2347 ab
1104 2280 1165 2346 hoo
1188 2281 1320 2367 quinam
1342 2280 1379 2376 hi

128 2401 130 2404 ·
251 2382 314 2449 duo
338 2381 372 2447 di
395 2387 503 2460 essent
525 2382 742 2466 iuterrogatus
759 2385 944 2471 respondet:
967 2385 1073 2469 „Mars
1089 2389 1121 2451 et
1136 2384 1273 2469 Venus,“
1295 2384 1375 2449 haee
1435 2385 1444 2400 '

250 2485 430 2550 ooniunetlo
447 2506 487 2553 ea
505 2484 546 2551 de
562 2504 663 2551 eausa
679 2485 765 2551 faeta
775 2491 833 2563 est,
851 2486 938 2570 quod
953 2491 987 2551 ut
996 2487 1084 2554 Mars
1094 2486 1375 2572 Pyrgopolinioem

249 2587 283 2654 in
307 2588 431 2673 militia,
454 2589 501 2655 sio
524 2589 557 2655 in
581 2609 690 2655 amore
708 2589 818 2662 Venus
833 2594 969 2669 tutatum
992 2609 1071 2654 sane
1088 2589 1207 2655 Thebis
1221 2590 1281 2657 hos
1296 2591 1376 2655 deos
1457 2661 1460 2668 ,

252 2690 370 2756 eximio
394 2690 515 2757 honore
545 2692 691 2776 insignes
722 2693 825 2759 fuisse
849 2694 981 2777 seimus,
1012 2705 1085 2758 enm
1109 2692 1218 2758 urbem
1243 2699 1275 2760 et
1298 2693 1374 2758 eivi-

249 2798 350 2860 tatem
375 2799 407 2860 et
429 2793 614 2863 eondidisse
648 2802 681 2862 et
708 2815 837 2882 semper
865 2795 1040 2862 defendere
1067 2801 1265 2880 putarentur.
1309 2797 1376 2863 Sed

250 2902 286 2961 ut
307 2896 372 2961 iam
396 2894 465 2961 dixi
486 2897 548 2962 huo
570 2917 685 2963 uorsus
710 2900 792 2964 1384
814 2919 878 2977 non
906 2903 956 2965 est
980 2898 1178 2964 referendus.
1218 2899 1256 2964 In
1279 2899 1376 2964 ltalia

161 3020 164 3024 ·
251 3004 359 3066 autem
383 2999 479 3065 Marti
510 2999 605 3084 lupus
628 3020 719 3066 saoor
742 3005 825 3084 erat,
857 3001 942 3066 unde
973 3000 1190 3084 intellegimus
1212 2999 1319 3069 iooum
1340 3001 1376 3066 in

252 3101 680 3188 Strabaoisverbis(T1·uo.
705 3100 792 3187 654);
820 3103 913 3183 „Fuit
935 3102 1053 3187 edepol
1076 3103 1164 3169 Mars
1192 3123 1264 3170 meo
1291 3103 1376 3188 peri·

250 3209 339 3269 ratus
370 3203 468 3288 patri,
499 3205 584 3269 Nam
615 3204 686 3270 ovis
717 3203 805 3270 illius
836 3204 902 3269 hau
931 3203 1027 3288 longe
1059 3205 1176 3272 absunt
1207 3223 1227 3270 a
1257 3204 1376 3290 lupis;“

251 3306 432 3391 similisque
454 3311 504 3372 est
526 3326 640 3373 uersus
662 3308 758 3374 Poen.
782 3310 811 3374 3.
834 3309 863 3373 3.
886 3299 938 3390 31,
960 3307 1015 3374 ubi
1039 3305 1230 3373 advocatus:
1263 3308 1375 3387 „Hune
1410 3373 1411 3376 ,
1473 3295 1476 3302 ’
1506 3291 1528 3322 '‘

251 3408 501 3491 chlamydatum,
517 3429 614 3494 quem
630 3409 731 3495 vides,
754 3409 784 3476 ei
801 3411 888 3476 Mars
904 3410 1053 3495 i1·atust;“
1077 3409 1159 3476 haee
1174 3410 1275 3476 verba
1290 3408 1375 3475 enim

252 3511 413 3597 pertinent
435 3512 477 3578 ad
494 3512 574 3597 Lyoi
598 3532 780 3598 personam,
804 3512 894 3578 euius
917 3531 1033 3578 nomen
1057 3513 1142 3596 quod
1165 3513 1247 3597 Lupi
1271 3511 1376 3578 simile

251 3619 301 3679 est
322 3614 385 3680 iooi
407 3614 494 3680 illius
519 3634 618 3680 eausa
640 3614 686 3695 fit;
709 3614 748 3682 of.
771 3635 800 3680 u.
817 3616 868 3679 33.
900 3615 982 3681 Oum
997 3620 1107 3681 autem
1123 3615 1209 3680 Mars
1231 3635 1375 3681 summus

250 3716 328 3784 belli
351 3716 417 3781 dux
439 3717 480 3782 sit
495 3721 527 3782 θῖ
542 3716 726 3800 imperator,
748 3717 913 3782 Romanos
928 3716 961 3781 in
977 3716 1124 3781 omnibus
1136 3715 1263 3782 bellicis
1278 3717 1375 3784 rebus

251 3818 428 3885 defendere
451 3823 483 3884 et
505 3819 587 3886 tueri
611 3818 717 3900 debet,
739 3825 774 3884 nt
797 3825 846 3885 est
868 3820 901 3884 in
918 3817 1005 3883 Asin.
1028 3837 1125 3884 versu
1149 3819 1201 3884 15:
1225 3819 1300 3899 „Uti
1316 3840 1374 3886 vos

251 3921 343 3997 alias,
366 3921 488 4005 pariter
510 3939 593 3986 nuno
616 3922 702 3986 Mars
725 3921 887 3988 adiuvet.“
994 3957 996 3962 ·

337 4021 388 4088 Ad
419 4022 578 4089 Venerem
608 4028 826 4105 transeamus,
862 4042 946 4106 quae
984 4022 1046 4088 dea
1081 4023 1225 4089 Romano
1262 4023 1375 4090 habitu

251 4126 370 4192 amisso
393 4124 491 4210 plane
513 4127 547 4192 in
570 4126 731 4194 Graooam
751 4113 962 4213 Ἀφροδίτην
984 4130 1108 4192 mutata
1131 4131 1180 4192 est
1201 4126 1235 4193 in
1250 4147 1376 4193 eomes-

1207 4233 1222 4281 s
