3224 4734
692 396 904 458 ‚37-

236 565 410 630 Palinurus
433 564 670 630 Phaedromum
693 563 883 646 interrogat:
914 563 1018 644 „Quid
1039 563 1096 628 tu?
1128 563 1267 629 Venerin
1289 585 1361 650 per·-

162 687 167 694 ·
235 667 375 752 vigilare
386 677 418 735 te
434 669 551 734 vovisti
565 666 792 752 Phaedrome?
815 667 899 732 Nam
915 668 975 732 hoe
992 668 1122 749 quidem
1139 668 1256 754 edepol
1275 668 1362 734 haud

119 852 123 860 .
236 770 338 834 multo
370 778 445 856 post
475 772 547 836 luoe
578 769 728 855 luoebit,“
759 769 972 852 similiterque
1004 770 1155 852 intellego
1178 770 1260 835 Rnd.
1284 771 1362 854 prol.

217 925 220 932 .
235 893 266 937 v.
284 874 337 938 60:
362 874 438 954 „Ait
461 893 533 940 sese
549 872 667 939 Veneri
683 873 768 939 velle
783 877 893 938 votnm
909 873 1063 956 solvere,“
1081 893 1277 956 quamquam
1299 874 1361 939 hoo

235 980 345 1041 votum
369 976 438 1042 sine
461 976 560 1044 dubio
584 973 627 1041 ad
650 976 746 1040 aliam
771 995 898 1059 quoque
921 996 989 1041 rem
1013 995 1109 1059 quam
1126 977 1166 1040 ed
1190 975 1362 1060 pervigilia

233 1079 348 1144 referri
371 1083 484 1164 potest.
518 1078 582 1145 Sed
606 1097 678 1143 oum
694 1078 830 1143 Plautus
853 1079 886 1143 in
901 1079 1021 1144 tabulis
1036 1079 1103 1143 suis
1118 1079 1158 1143 de
1182 1079 1361 1163 pervigiliis

239 1187 275 1246 ut
298 1182 338 1247 do
361 1202 448 1266 more
473 1182 558 1247 alius
580 1182 692 1267 populi
715 1182 798 1247 bene
814 1180 924 1247 dioere
947 1185 1066 1265 posset,
1089 1181 1218 1247 etiamsi
1238 1181 1361 1248 Romae

232 1285 267 1350 in
293 1303 353 1349 usu
370 1305 435 1350 non
459 1291 564 1368 erant,
587 1285 639 1350 his
661 1284 742 1350 loois
757 1284 919 1351 Plautinis
934 1284 1093 1351 Lobeelrii
1116 1285 1275 1350 sententia
1298 1303 1360 1348 non

234 1387 390 1453 firmatur.
434 1387 808 1454 hortensiorum:
843 1389 937 1468 „laoe
968 1395 1062 1473 pater
1084 1388 1178 1465 talos,
1204 1392 1239 1453 ut
1265 1407 1361 1474 porro

234 1512 293 1558 nos
315 1491 534 1558 iaeiamus.“::
558 1492 740 1571 „Maxume
772 1489 827 1574 Te,
842 1490 1035 1575 Philonium‚
1058 1490 1138 1556 mihi
1153 1499 1252 1573 atque
1268 1490 1361 1555 uxori

234 1600 377 1661 mortem.
400 1594 462 1659 hoo
477 1593 712 1660 Veneriumst.“
752 1591 898 1672 Quatuor
920 1593 979 1658 tali
1002 1595 1030 1658 si
1053 1612 1163 1659 omnes
1177 1594 1255 1659 iaoti
1278 1593 1362 1658 alius

237 1698 335 1763 aliurn
351 1717 520 1763 numerum
534 1696 685 1780 babebat,
700 1695 948 1781 apud'Craeoos
965 1702 997 1761 et
1011 1697 1174 1762 Romanos
1191 1696 1242 1762 hio
1258 1696 1361 1764 iaetus

242 1799 403 1866 Venerius
430 1800 619 1879 voeabatur3
646 1800 721 1865 vide
750 1798 894 1866 Cioeron.
923 1797 1244 1880 dediv.‘1.13‚23
1275 1804 1309 1865 et
1329 1800 1362 1864 ll

238 1903 288 1967 21.
308 1902 358 1968 48.

321 2004 475 2089 Sequitur
506 2009 541 2071 ut
563 2003 604 2070 de
628 2004 745 2071 Cerere
768 2004 969 2070 disseramus
992 2023 1077 2087 quae
1108 2004 1184 2070 inde
1211 2005 1253 2071 ab
1276 2005 1362 2069 anti·

237 2108 401 2192 quissimis
430 2108 628 2192 temporibus
649 2106 683 2173 in
706 2107 803 2173 Italia
826 2109 913 2172 eulta
935 2107 1095 2192 imprimis
1121 2108 1184 2174 dea
1211 2107 1361 2173 frumenti

235 2231 307 2278 esse
330 2212 516 2298 putabatur3
540 2230 639 2294 quare
661 2211 796 2276 Plautus
819 2212 853 2275 111
876 2211 956 2277 Rud.
979 2230 1008 2276 v.
1032 2211 1200 2276 144-146
1224 2210 1362 2296 Soepar-

237 2313 366 2380 nionem
397 2313 440 2379 ad
472 2313 697 2398 Plesidippum
732 2318 820 2379 reete
857 2313 1017 2379 dieentem
1051 2313 1142 2379 feeit:
1180 2312 1362 2393 „Nullumst

234 2415 391 2503 periolum
414 2422 448 2480 te
469 2415 544 2480 hino
567 2416 614 2480 ire
636 2414 825 2501 inpransum
841 2413 981 2482 domum.
1009 2414 1159 2480 Cererem
1175 2418 1207 2480 te
1231 2415 1360 2480 meliust

235 2538 331 2602 quarn
355 2519 515 2584 Venerem
546 2518 714 2597 seoturier;
744 2517 854 2581 Amori
884 2516 968 2582 baso
1000 2522 1103 2599 ourat,
1135 2517 1239 2582 tritioo
1271 2523 1361 2582 ourat

236 2622 362 2689 Cores.“
389 2620 515 2687 Cereris
538 2641 615 2687 vero
638 2620 751 2704 vigilia
774 2641 858 2704 quae
882 2625 1170 2686 oommemorantur
1197 2621 1231 2686 in
1253 2620 1360 2686 Aulul.

236 2745 266 2792 v·
288 2727 328 2791 36
353 2730 387 2790 11
409 2726 484 2789 794:
516 2725 607 2808 „Ego
630 2744 695 2808 me,
717 2724 823 2808 inquit
844 2724 1040 2809 Lyconides,
1067 2723 1220 2788 iniuriam
1242 2723 1359 2791 fooisse

236 2827 322 2894 filiae
345 2826 450 2894 fateor
481 2833 557 2892 tuae
581 2826 708 2893 Cereris
731 2827 853 2910 vigiliis
875 2847 933 2911 per
960 2825 1069 2892 vinum
1096 2809 1195 2910 atdue
1218 2826 1360 2912 impulsu

233 2929 502 3013 adnleseentiae,“
529 2928 695 3011 quaeritur
717 2932 822 2994 utrum
838 2928 882 2993 ad
898 2929 1156 3012 Thesmophoria
1171 2949 1213 2996 an
1229 2929 1271 2994 ad
1287 2929 1359 3014 ipsa

236 3032 406 3099 Eleusinia
427 3030 616 3097 referamus.
660 3031 745 3095 Nam
766 3030 831 3095 illis
855 3051 984 3114 quoque
1007 3031 1137 3097 liouisse
1160 3032 1238 3098 viris
1260 3031 1359 3097 inter-

233 3153 307 3201 esse
330 3155 393 3200 non
417 3133 514 3219 plane
529 3132 742 3218 improbabile
758 3137 808 3198 est
824 3133 955 3198 soboliis
970 3132 1013 3199 ad
1028 3134 1204 3200 Luoianum
1219 3133 1357 3219 primum

234 3238 332 3304 editis
354 3238 396 3303 ab
420 3237 505 3302 Erw.
528 3233 642 3301 Rhode
664 3235 698 3300 in
721 3255 800 3300 mus.
822 3236 910 3301 rhen.
933 3237 996 3302 vol.
1018 3238 1059 3302 25
1079 3258 1153 3323 pag.
1174 3239 1356 3321 ers-5603

233 3342 309 3409 vide
333 3343 504 3425 praeterea
526 3338 731 3404 Sohoemann
753 3339 773 3403 l.
797 3337 817 3403 i.
839 3359 870 3424 p.
891 3337 963 3405 483.
996 3340 1034 3404 In
1057 3340 1152 3406 huius
1168 3340 1250 3406 deae
1273 3340 1356 3406 festo

232 3444 285 3510 die
320 3443 375 3528 qui
408 3441 536 3510 Cereris
567 3441 700 3524 nuptiae
731 3441 910 3507 voeabatur
940 3443 1051 3508 vinum
1082 3443 1262 3508 adhibitum
1293 3464 1357 3509 non

231 3567 304 3614 esee
328 3547 444 3612 dooent
466 3545 538 3612 Aul
561 3562 643 3610 vers.
666 3546 849 3610 sot-356:
872 3543 930 3610 St:
963 3545 1125 3628 „Cererin
1148 3545 1298 3628 Strobile,
1321 3545 1355 3611 hi

232 3647 639 3732 11111111111111111111111α
673 3648 746 3713 Stra
772 3645 893 3728 „Qnir‘
928 3648 987 3714 St:
1016 3647 1121 3728 „Quia
1143 3648 1253 3714 temeti
1274 3649 1357 3715 nihil

231 3752 367 3818 allatum
389 3750 575 3834 intellego,“
611 3749 727 3834 quibus
750 3768 821 3814 oum
844 3749 953 3815 verbis
976 3749 1108 3816 Catonis
1135 3748 1281 3818 doetrina
1303 3771 1356 3820 oo

232 3856 346 3920 haeret
377 3871 471 3918 saera
503 3853 665 3936 quaedem
689 3851 815 3918 Cereris
853 3841 949 3917 dorso
987 3850 1105 3937 fuisse3
1147 3851 1188 3919 de
1224 3854 1288 3922 hae
1319 3877 1355 3922 re

231 3956 392 4024 uberrime
415 3955 589 4039 Ussingius
619 3956 652 4021 in
685 3955 912 4021 commentario
945 3974 1003 4021 suo
1026 3955 1213 4040 disputavit.
1256 3958 1354 4043 Apud

236 4061 381 4128 Graecos
405 4076 534 4142 quoque
556 4078 577 4125 a
600 4058 708 4124 multis
731 4057 896 4124 sacrifieiis
919 4076 997 4124 usus
1029 4058 1096 4124 vini
1124 4060 1250 4126 alienus
1282 4066 1352 4127 erat

238 4163 295 4230 sed
318 4162 359 4242 de
382 4160 500 4228 Cerere
531 4162 612 4228 nihil
644 4161 773 4247 seimus3
805 4161 845 4227 of.
868 4161 1031 4227 Hermann
1059 4163 1078 4226 l.
1100 4163 1120 4229 i.
1142 4185 1172 4248 p.
1198 4163 1259 4229 148
1288 4165 1352 4230 adn
