3224 4734
706 335 918 399 ..35-

255 508 445 570 antumant“
469 503 512 568 ad
536 503 732 570 Graecorum
755 503 884 569 fabulas
906 502 1110 570 referendum
1140 520 1213 568 esse
1240 505 1379 587 apparet

254 626 316 672 non
348 624 442 672 seeus
466 625 504 672 ae
526 606 611 671 Men,
635 625 664 670 v.
690 607 750 670 143
774 625 833 689 sq.:
867 605 947 684 „Die
970 605 1058 688 milri,
1091 623 1308 687 enumquam
1341 608 1376 668 tu

254 709 365 774 vidisti
395 708 541 774 tabulam
564 707 684 792 pictam
711 708 742 771 iu
768 708 901 793 pariete,
924 707 988 775 Ubi
1016 708 1128 791 aquila
1159 705 1374 773 Catameitum

253 817 382 896 raperet
413 817 468 876 aut
500 810 555 875 ubi
577 810 687 875 Venus
710 810 933 888 Adoneum.“1)
980 809 1146 887 Quomodo
1179 814 1286 874 autem
1309 807 1377 873 fieri

256 913 397 998 potuerit
427 918 463 978 ut
486 913 596 978 Venus
627 911 875 995 eoniungeretur
906 930 977 976 eum
1004 912 1149 978 Volcano
1180 911 1213 974 in
1245 909 1326 974 Rud.
1348 930 1378 975 v.

255 1019 272 1080 7
277 1018 319 1081 61Ὶ
340 1016 416 1082 vide
439 1015 522 1080 infra
545 1012 588 1079 ad
604 1014 790 1080 Volcanum.
822 1015 998 1080 Notissima
1013 1035 1089 1081 vero
1106 1020 1138 1080 et
1153 1012 1378 1095 antiquissima

253 1119 377 1184 Romae
410 1124 479 1183 erat
501 1117 611 1182 Venus
640 1117 795 1183 Cloaoina
822 1117 914 1184 euius
943 1118 1097 1204 templum
1121 1137 1141 1182 a
1164 1117 1199 1180 T.
1226 1115 1321 1182 Tatio
1345 1120 1378 1180 et

253 1221 399 1305 Romulo,
432 1220 623 1305 priusquam
650 1220 735 1286 bello
768 1219 968 1285 atrocissimo
1000 1220 1087 1286 finito
1118 1221 1202 1284 inter
1233 1238 1268 1283 se
1291 1217 1377 1301 paeti

252 1329 374 1405 essent,
405 1327 515 1388 votum
540 1326 620 1388 ¹e'sse
653 1322 834 1402 dioebatur3
873 1322 936 1388 huo
966 1323 1107 1409 pertinet
1141 1340 1254 1387 versus
1287 1319 1376 1386 Cure.

251 1429 328 1492 471:
361 1424 444 1506 „Qui
467 1425 656 1491 mendaeem
691 1431 724 1491 et
755 1427 930 1508 gloriosum
959 1425 1144 1510 (convenire
1167 1424 1257 1510 volt),
1289 1422 1376 1508 apud

252 1528 425 1594 Cloacinae
442 1547 568 1593 samum
585 1526 808 1614 (eonveniet).“
826 1567 867 1576 —
884 1528 976 1615 Nune
993 1528 1123 1612 quidem
1140 1526 1180 1593 de
1196 1524 1377 1610 pervigiliis

251 1632 387 1698 Veneris
419 1635 573 1713 quantum
606 1651 646 1696 ex
673 1632 787 1697 Plauto
820 1632 1006 1715 doceamur,
1038 1650 1144 1715 pauoa
1176 1631 1375 1696 adnotemus.

252 1736 371 1818 Magna
403 1734 488 1800 enim
521 1740 591 1799 erat
622 1734 782 1800 dissensio
813 1735 897 1800 iuter
919 1734 1120 1801 Lobeokium
1144 1731 1317 1818 (Aglaoph.
1345 1753 1375 1814 p.

253 1835 328 1922 651)
352 1842 385 1903 et
406 1836 606 1919 Bdttigerum
630 1837 858 1920 (Arehdologie
882 1837 939 1902 der
956 1836 1090 1902 Malenoi
1111 1859 1141 1922 p.
1165 1835 1240 1920 205)
1264 1834 1376 1918 vigilia

252 1939 323 2006 sive
345 1938 519 2024 pervigilia
540 1959 617 2005 num
640 1940 768 2004 omnino
793 1940 916 2004 Romae
939 1943 1017 2004 nota
1038 1938 1187 2022 fuissent3
1215 1937 1273 2003 sed
1296 1935 1376 2002 satis

251 2044 353 2110 multa
385 2047 575 2126 argumenta
607 2061 680 2109 esse
712 2046 805 2127 puto,
836 2062 921 2126 quae
956 2042 1178 2107 demonstrent
1204 2039 1296 2105 illum
1320 2038 1376 2122 qui

249 2146 380 2237 Romae
397 2165 525 2228 quoque
548 2165 588 2211 ea
611 2144 776 2210 celebrata
791 2144 895 2210 fuisse
911 2144 1076 2209 contendit
1091 2149 1179 2209 reete
1201 2141 1374 2208 iudieasse.

250 2249 336 2315 Sane
369 2249 553 2313 testimonia
574 2248 727 2314 Plautina
749 2267 814 2313 non
846 2251 985 2327 exstant3
1016 2267 1091 2312 nam
1122 2246 1260 2329 primum
1283 2245 1373 2310 loeus

254 2351 449 2416 omittendus
474 2355 523 2416 est
545 2351 646 2416 Poen.
671 2352 698 2417 1.
722 2353 749 2416 2.
774 2352 956 2434 105-110,
979 2371 1042 2433 quo
1064 2349 1135 2415 looo
1159 2347 1374 2430 Anterastilis,

250 2473 334 2537 quae
356 2453 488 2518 nimiam
511 2472 546 2519 se
571 2453 752 2520 socordiam
773 2454 872 2520 hodie
895 2454 1038 2519 tenuisse
1062 2452 1198 2536 dixerat,
1222 2452 1263 2518 ab
1279 2450 1374 2516 Adel·

251 2556 367 2645 phasio
391 2575 532 2640 quanam
563 2576 604 2621 ex
627 2575 726 2622 eausa
748 2556 810 2622 hoe
840 2557 961 2621 laetum
989 2561 1076 2621 esset
1102 2555 1301 2639 interrogata
1327 2573 1373 2618 re·

250 2659 401 2742 spondet:
422 2657 527 2738 „Quia
543 2679 607 2723 non
622 2659 688 2723 iam
703 2658 825 2725 dudum
841 2663 916 2724 ante
931 2659 1035 2724 lueem
1056 2659 1098 2723 ad
1114 2656 1229 2724 aedem
1240 2655 1375 2722 Veneris

249 2762 398 2828 venimus
413 2761 544 2825 Primae
560 2765 594 2825 ut
615 2760 806 2826 inferremus
828 2761 937 2844 ignem
961 2761 994 2825 in
1017 2765 1137 2826 aram.“
1169 2760 1283 2841 ::„Ahl
1310 2779 1374 2824 non
1413 2749 1417 2756 “

251 2864 372 2930 faetost
394 2882 493 2948 opus:
517 2861 608 2940 Quae
631 2862 752 2930 habent
774 2871 932 2931 nocturna
954 2885 1011 2930 ora
1042 2868 1137 2930 noetu
1162 2863 1374 2928 saerifieatum

148 2971 149 2976 ’
250 2967 298 3033 ire
314 2972 481 3051 oeeupant.
508 2966 701 3052 Priusquam
718 2966 828 3033 Venus
843 2967 1097 3052 expergisoatur‚
1112 2965 1202 3050 prius
1218 2964 1375 3051 deprope—

251 3075 323 3138 rant
353 3069 465 3134 sedulo
497 3068 699 3154 Saerifieare;
733 3091 807 3135 nam
839 3070 994 3153 vigilante
1026 3071 1154 3136 Venere
1185 3069 1213 3134 si
1244 3069 1375 3134 veniant

252 3193 320 3257 eae,
343 3171 396 3237 Ita
419 3176 493 3236 sunt
515 3176 625 3256 turpes
648 3172 743 3238 oredo
776 3178 903 3239 eoastor
926 3173 1084 3238 Venerem
1116 3171 1220 3258 ipsam
1249 3191 1267 3236 e
1300 3171 1373 3236 lano

251 3281 288 3340 ut
309 3273 452 3358 fugent;“
476 3293 551 3338 nam
574 3272 632 3339 hos
655 3293 769 3340 versus
792 3295 885 3340 nemo
908 3278 958 3339 est
973 3274 1050 3357 quin
1065 3272 1176 3339 videat
1191 3273 1375 3340 ioculariter

252 3377 447 3463 compositos
470 3394 551 3460 esse,
567 3380 601 3440 ut
616 3377 786 3443 mulierum
798 3377 925 3441 illarum
942 3374 1130 3441 deformitas
1153 3381 1374 3458 eognoscatur.

251 3481 366 3564 Neque
381 3498 458 3546 vero
473 3499 532 3564 per
553 3479 659 3546 ioeum
683 3482 820 3564 seriptus
836 3499 909 3545 esse
924 3478 1053 3545 videtur
1075 3479 1164 3545 Cure.
1179 3498 1209 3543 u.
1226 3478 1285 3544 181
1311 3499 1373 3562 quo

322 3668 341 3734 ¹)
359 3665 422 3720 Hoe
440 3666 557 3724 verbnm
576 3665 690 3720 Brixius
709 3667 738 3719 in
757 3666 855 3720 adnot.
877 3681 936 3720 non
955 3667 1023 3720 satis
1051 3671 1128 3719 reete
1147 3665 1220 3719 dixit
1242 3663 1372 3720 Plautum

251 3753 343 3822 ipsum
362 3750 514 3807 formasse:
533 3751 616 3806 immo
636 3753 712 3820 apud
731 3752 812 3819 ipsos
833 3752 960 3806 Graecos
979 3751 1139 3809 invenitur:
1159 3752 1226 3806 vide
1239 3767 1374 3820 gramma·

252 3839 338 3892 tieum
357 3836 481 3893 Belrlreri
500 3853 527 3905 p.
541 3844 629 3892 346.st
653 3831 789 3911 ᾍδώνιοξ
813 3835 998 3910 Φερεκράτης
1010 3831 1091 3892 εἶπεν
1108 3831 1173 3893 ἀντὶ
1192 3831 1374 3894 τοῦἈδώνι-

253 3928 308 3990 tog·
321 3921 399 3995 λέγει
414 3921 442 3978 δὲ
456 3919 616 3994 αἰτιατικὴν
627 3917 829 3980 τὸνἌδώνιον·
842 3916 917 3980 οὕτω
931 3922 961 3979 δὲ
974 3925 1024 3978 καὶ
1037 3920 1160 3978 Πλάτων
1169 3925 1219 3979 καὶ
1231 3923 1373 3994 Κρατῖνος

253 4005 328 4066 ἀλλὰ
347 4003 627 4082 καὶἈριστοφάνης
652 4011 702 4064 καὶ
729 4003 831 4082 ἕτεροι·
858 4008 975 4081 λέγουσι
1004 4007 1035 4063 δὲ
1062 4010 1112 4064 καὶ
1135 4003 1258 4063 ’Ἄδωνιν
1286 4002 1375 4063 αὐτὸν

253 4091 404 4159 πολλάκις.
440 4093 567 4164 Utraque
586 4094 672 4162 igitur
689 4093 781 4148 forma
799 4095 827 4147 iu
847 4109 899 4150 usu
919 4099 987 4148 erat.
