3224 4734
525 1127 528 1134 ¹
595 1151 736 1256 Vite
779 1151 1066 1254 nunionis.

350 1495 563 1576 ¹Hermnnnus
585 1512 748 1592 Augustus
771 1508 938 1591 Keseberg
960 1513 1148 1573 natussum
1172 1507 1327 1574 Coloniae
1354 1507 1397 1572 ad

274 1630 420 1698 Rhenum
451 1635 526 1696 ante
553 1629 638 1694 diem
662 1611 717 1694 VI.
741 1627 815 1720 Kal.
842 1627 919 1694 Dee.
951 1627 1027 1695 anni
1054 1626 1148 1694 huius
1179 1627 1302 1695 saeculi
1330 1628 1399 1694 LX.

274 1750 404 1816 Patrem
421 1749 632 1834 Stephanum,
646 1747 781 1814 Mariam
797 1752 934 1814 matrem
949 1751 1078 1831 egente
1094 1746 1280 1814 Keulmann
1296 1752 1398 1814 ortam

275 1869 371 1936 valde
393 1868 518 1953 gaudeo
549 1867 657 1952 adhue
683 1867 716 1933 in
739 1867 823 1933 vivis
852 1887 932 1934 esse.
977 1867 1091 1962 Fidem
1113 1867 1264 1952 profiteor
1290 1869 1425 1935 eetho-'

274 1989 380 2056 lioom.
430 1989 625 2082 Litterarum
648 1986 816 2054 elementis
847 1987 988 2054 imbutus
1010 1987 1174 2074 gymnasii
1196 1987 1400 2055 Coloniensis

277 2107 365 2194 quod
391 2115 508 2175 voeant
530 2106 719 2174 Mareellani
750 2126 822 2174 eum
848 2127 907 2193 per
939 2112 1010 2174 oete
1043 2128 1146 2175 annos
1177 2112 1210 2175 et
1231 2107 1400 2175 dimidium

275 2229 407 2296 fuissem
439 2228 618 2314 diseipulus
654 2246 732 2294 vere
759 2227 835 2294 enni
858 2227 1148 2295 MDOOOLXXIX
1175 2227 1322 2295 Bonnam
1349 2249 1401 2296 me

275 2349 395 2415 eontuli
417 2347 533 2414 studiis
561 2345 769 2432 philologieis
792 2365 924 2432 operam
954 2352 1139 2415 navaturus.
1183 2346 1254 2426 Qua
1275 2347 1309 2413 in
1331 2348 1402 2415 uni-

275 2467 432 2534 versitate
455 2487 514 2554 per
535 2486 653 2533 novem
675 2465 869 2533 semenstris
883 2466 1060 2533 doeuernnt
1074 2465 1203 2533 moriri
1218 2465 1399 2534 clarissumi

276 2585 433 2652 Aufreeht
453 2587 613 2671 Birlinger
635 2586 814 2654 Bueeheler
841 2587 907 2654 Leo
940 2585 1103 2654 Luebbert
1129 2561 1416 2655 Maurenbreeher'

278 2708 391 2791 Meyer
428 2705 641 2778 Neuhneuser
667 2705 824 2774 Soheefer
854 2706 981 2774 Usener
1008 2705 1197 2772 Wilmanns.
1239 2704 1277 2772 In
1307 2707 1403 2774 semi·

279 2825 369 2892 nario
393 2824 588 2911 philologieo
610 2826 700 2894 ouius
723 2847 781 2912 per
814 2826 954 2912 quinque
977 2826 1169 2892 semenstrie
1198 2823 1246 2890 sni
1277 2826 1400 2893 sodalis

271 2945 469 3039 ¹Bueeheleri
501 2945 619 3013 Leonis
652 2945 825 3014 Luebberti
858 2944 995 3013 Useneri
1026 2944 1201 3030 diseiplina
1224 2947 1293 3012 'frui
1324 2946 1404 3013 milri

279 3067 380 3133 lieuil
417 3066 596 3134 Seminario
620 3066 774 3134 historieo
789 3088 849 3153 per
871 3086 930 3133 sex
952 3085 1079 3134 menses
1095 3065 1249 3134 Sehoefer
1274 3088 1326 3135 me
1348 3066 1405 3133 od-

282 3186 377 3254 misit.
421 3188 567 3254 Examen
599 3187 780 3273 rigorosom
811 3187 962 3274 superavi
984 3185 1060 3254 enni
1083 3186 1404 3254 MDOOOLXXXIII

281 3305 403 3372 mensis
426 3306 615 3372 Deeembris
643 3307 697 3374 die
719 3306 905 3374 vicensimo.
949 3306 1219 3391 Praeneptoribus
1241 3325 1318 3374 vero
1342 3327 1405 3374 om-

282 3426 377 3494 nibus
398 3426 464 3493 illis
487 3427 630 3494 debitam
646 3428 752 3495 habeo
775 3427 915 3512 gratiam
938 3445 1132 3513 semperque
1147 3447 1199 3494 me
1221 3426 1405 3494 habiturum

282 3567 356 3614 esse
379 3547 545 3632 pollieeor.
