3224 4734
717 374 929 438 „30-

232 552 234 554 ’
258 545 320 608 279
343 563 371 608 a.
396 542 467 609 Chr.
491 565 520 608 n.
553 543 743 630 Delplrioam
762 544 925 610 oraoulum
943 550 1052 610 essent
1067 543 1232 629 direpturi,
1256 546 1382 630 sagittis

259 647 327 711 suis
358 667 414 712 eos
446 645 614 713 dicebatur
645 647 867 732 prostravisse.
905 647 1001 712 Haeo
1032 667 1084 712 res
1111 667 1173 712 non
1197 647 1310 713 mirum
1334 655 1383 716 est

260 749 344 832 quod
377 750 685 817 commemorabatur
716 751 758 816 ab
789 751 829 816 iis
853 770 979 834 quoque
1009 750 1114 835 poetis
1146 770 1227 833 quos
1248 752 1382 817 Plautus

259 857 387 918 seoutus
411 859 474 939 est;
507 852 718 928 dubitandum
741 873 818 920 vero
851 859 900 919 est
922 875 997 918 num
1019 853 1072 919 hio
1100 853 1170 939 ipse
1200 859 1234 919 ‘et
1257 860 1382 939 speeta-

258 959 345 1022 tores
376 955 457 1022 haee
487 957 588 1022 verba
621 955 846 1022 intellexerint.
899 957 1013 1040 Neque
1048 977 1125 1022 vero
1157 956 1199 1022 ab
1231 956 1290 1023 hoo
1321 958 1381 1023 deo

258 1079 431 1143 segregare
452 1080 623 1146 possumus
647 1058 813 1144 Sibyllam,
837 1079 933 1142 quam
955 1060 988 1124 in
1012 1080 1073 1125 uno
1090 1060 1143 1124 Ps.
1166 1081 1193 1126 v.
1219 1061 1272 1125 25:
1294 1061 1381 1144 „Has

258 1161 411 1249 (litteras)
435 1162 564 1246 quidem
587 1163 640 1247 pol
664 1162 768 1243 erede,
791 1163 853 1228 nisi
877 1162 1001 1246 Sibylla
1027 1162 1156 1246 legerit,
1178 1162 1383 1248 interpretari

259 1266 343 1349 potis
375 1284 446 1330 esse
478 1265 576 1330 alium
609 1265 788 1331 neminem‘
820 1269 1103 1330 oommemoratam
1136 1265 1206 1331 sine
1237 1266 1334 1332 dubio
1364 1287 1382 1332 e

154 1431 158 1440 ,
259 1369 384 1436 Graeoo
408 1369 585 1453 exemplari
608 1368 788 1434 traductam
813 1388 885 1434 esse
901 1369 1025 1434 Lorenu
1048 1369 1225 1453 contendit,
1247 1389 1381 1436 neeesse
1458 1405 1461 1408 ·

258 1470 319 1536 hoo
351 1491 424 1537 esse
451 1489 544 1538 nemo
572 1471 735 1552 oonoedet,
770 1470 795 1534 si
827 1471 1037 1556 reputaverit,
1069 1470 1145 1536 inde
1173 1472 1381 1556 aTarquinii
1453 1489 1456 1494 ·

191 1661 193 1666 ,
258 1573 396 1659 Superbi
419 1573 506 1658 regis
528 1574 693 1652 aetatein
717 1580 835 1658 quanto
859 1573 980 1640 honore
996 1573 1141 1654 Sibyllae
1156 1574 1274 1640 fuerint
1296 1575 1383 1661 apud

258 1676 430 1742 Romanos,

343 1780 391 1844 De
414 1779 539 1846 Latona
563 1799 646 1864 quae
669 1800 741 1846 oum
767 1780 876 1845 multis
903 1780 976 1845 aliis
1000 1781 1050 1845 dis
1072 1781 1105 1845 in
1129 1780 1245 1846 Baeoh.
1267 1801 1297 1847 v.
1319 1780 1381 1847 893

257 1883 426 1948 invooatur
449 1883 558 1948 eonfer
582 1884 668 1967 quod
691 1883 803 1948 Livius
825 1883 859 1947 in
881 1883 963 1949 libro
988 1887 1016 1948 5.
1039 1884 1079 1948 13
1108 1883 1151 1949 ad
1179 1903 1297 1949 annum
1320 1887 1382 1949 396

257 2006 286 2052 a.
309 1984 381 2051 Chr.
413 1984 468 2071 (of.
493 1985 562 2051 Liv.
585 1985 635 2051 25.
661 1984 712 2071 12)
744 1984 856 2050 tradit:
887 1986 1076 2069 „Duumviri
1099 1986 1200 2051 saeris
1223 1985 1383 2051 faoiundis

257 2089 452 2154 leotisternio
476 2094 552 2155 tuno
588 2088 727 2174 primunr
758 2089 791 2153 in
823 2088 901 2154 urbe
923 2089 1070 2155 Romana
1100 2089 1186 2155 faoto
1218 2110 1277 2175 per·
1309 2096 1381 2154 ooto

258 2191 328 2257 dies
350 2191 532 2276 Apollinem
548 2193 769 2275 Latonamque
786 2197 818 2258 et
839 2192 979 2257 Dianam
1002 2243 1009 2258 .
1032 2243 1039 2258 .
1063 2193 1262 2276 plaoavere“.
1294 2192 1384 2258 Zosi-

258 2315 329 2358 mus
354 2315 481 2378 quoque
505 2295 547 2360 Il.
571 2295 590 2359 5
613 2294 646 2359 in
669 2295 829 2360 Aventino
853 2295 888 2360 ei·
907 2294 1121 2361 saorifioatum
1139 2315 1212 2362 esse
1235 2300 1382 2361 testatur:

258 2389 380 2460 θύουσι
403 2393 439 2461 dd
459 2398 554 2475 θεοῖς
581 2394 655 2462 Διὸ
670 2393 729 2461 καὶ
745 2385 841 2486 Ἥρᾳ
870 2393 929 2461 καὶ
956 2386 1155 2463 Ἀπόλλωνι
1186 2394 1244 2462 καὶ
1271 2399 1384 2484 Λητοῖ-

258 2496 319 2563 aui
338 2488 520 2588 Ἀρτέμιδι
543 2495 628 2582 arb,-
650 2501 692 2567 ad
716 2501 801 2585 quod
817 2506 924 2567 autem
941 2506 1067 2586 tempus
1084 2501 1165 2567 haee
1181 2500 1281 2567 verba
1304 2501 1384 2566 refe-

259 2603 361 2668 renda
385 2604 448 2669 sint
470 2604 641 2670 nesoimus.
687 2607 724 2670 In
751 2605 865 2670 Plauto
895 2604 935 2669 de
960 2605 1094 2670 Graeois
1123 2625 1195 2670 eam
1223 2609 1382 2689 sumptam

258 2726 331 2771 esse
353 2728 416 2773 non
438 2727 571 2773 neeesse
595 2713 644 2774 est
667 2713 852 2773 statuamus.

346 2810 438 2888 Quod
461 2811 504 2875 ad
526 2811 666 2875 Dianam
689 2811 822 2887 attinet,
857 2829 939 2893 quae
970 2810 1003 2876 iu
1025 2811 1142 2878 Baooh.
1174 2831 1202 2878 u.
1227 2813 1297 2877 307.
1322 2811 1382 2876 312

258 2917 291 2978 et
312 2912 346 2977 in
367 2913 432 2977 Mil.
454 2913 495 2996 gl.
518 2931 546 2978 v.
564 2914 626 2977 411
645 2918 789 2998 apparet,
812 2912 891 2977 satis
910 2917 958 2978 est
973 2913 1117 2996 Ussingii
1135 2915 1236 2979 verba
1256 2913 1383 2996 legisse,

260 3015 314 3097 qui
334 3016 369 3080 in
395 3017 624 3082 eommentario
648 3036 707 3081 suo
724 3017 765 3082 de
781 3017 876 3082 rebus
892 3015 955 3081 huo
977 3016 1208 3100 pertinentibus
1224 3016 1383 3082 ubenime

258 3116 444 3203 disputarit.
489 3119 604 3202 Neque
626 3138 703 3184 vero
726 3123 813 3185 reote
835 3118 1020 3203 Anspaehio
1044 3119 1108 3204 (De
1133 3118 1249 3186 Baeoh.
1279 3120 1383 3184 Plaut.

258 3226 419 3288 retractat.
443 3240 547 3288 soaen.
570 3223 702 3287 Bounae
727 3222 808 3288 1882
825 3244 855 3308 p.
874 3221 927 3308 16)
940 3233 1062 3288 'versus
1078 3223 1248 3288 312-314
1263 3220 1381 3287 Baooh.

258 3345 322 3390 non
344 3323 483 3390 Plautini
507 3325 655 3390 videntur
678 3345 764 3410 esse3
796 3345 887 3410 „esse
914 3325 1060 3408 dubium,
1091 3325 1183 3409 dicit,
1214 3346 1290 3390 num
1317 3324 1382 3389 iam

258 3435 325 3492 tum
347 3429 502 3512 templum
524 3428 651 3494 Dianae
667 3427 830 3514 Ephesiae
853 3423 1006 3493 Romanis
1029 3428 1076 3493 ita
1098 3428 1193 3493 fuerit
1214 3433 1332 3508 notum,
1347 3430 1383 3491 ut

259 3531 369 3596 statim
391 3531 581 3615 intellegere
604 3537 738 3616 possent
769 3532 854 3614 quod
878 3536 974 3616 poeta
996 3530 1144 3597 dioe1·et.“
1187 3533 1270 3598 Nam
1293 3530 1380 3595 nullo

258 3634 354 3699 modo
378 3639 492 3718 putare
515 3654 688 3719 possumus
711 3655 793 3700 anno
823 3635 883 3699 189
907 3655 934 3701 a.
959 3633 1030 3700 our.
1058 3657 1086 3701 n.
1114 3654 1176 3717 quo
1204 3632 1383 3699 Baoohides

258 3736 291 3802 iu
315 3756 434 3802 scaena
457 3737 687 3822 produoeretur
713 3738 868 3823 templum
891 3737 1055 3822 Ephesiae
1079 3736 1205 3802 Dianae
1228 3737 1383 3802 Romanis

257 3839 399 3921 ignotum
422 3841 532 3925 fnisse,
555 3840 608 3925 qui
632 3841 682 3906 bis
705 3839 786 3933 ipsis
806 3840 901 3906 aunis
931 3839 1097 3905 lat-189
1126 3859 1197 3906 oum
1224 3839 1381 3904 Antiooho

258 3941 290 4006 iu
313 3943 394 4008 Asia
416 3944 535 4009 bellum
558 3950 735 4028 gesserant.

346 4045 578 4113 Convertamus
602 4067 686 4112 nuno
710 4045 839 4130 quidem
863 4047 988 4112 animos
1016 4045 1058 4110 ad
1081 4045 1190 4114 sidera
1209 4063 1382 4126 eorumque

262 4149 382 4215 oultum
406 4150 647 4234 videamusque,
672 4172 746 4215 num
778 4149 990 4215 haecomnia
1019 4148 1061 4212 dii
1085 4150 1137 4214 vel
1166 4149 1247 4214 deae
1271 4145 1383 4211 habita
