3224 4734
712 384 925 451 ..33-

257 557 311 641 203
335 557 538 624 Sehoemann
570 556 611 622 ΙΙ.
643 557 712 622 230.
758 555 841 620 Tum
872 554 935 621 hue
959 553 1098 640 pertinet
1128 553 1267 621 oerealis
1298 572 1381 620 aena

258 657 293 724 in
314 659 399 725 Men.
423 679 453 725 v.
478 659 549 743 101,
564 659 613 725 de
636 678 702 742 qua
724 655 800 723 vide
822 657 975 722 Brixium.

343 760 387 827 Ut
419 761 516 829 Ceres
547 762 595 826 ita
627 759 725 827 Liber
756 779 884 844 quoque
919 764 1093 844 antequam
1130 778 1203 825 oum
1238 758 1381 844 Dionyso

259 863 451 930 commixtus
483 869 532 930 est
564 865 597 928 in
627 856 737 930 Italia
753 862 788 928 in
818 882 936 946 magno
960 861 1081 928 honore
1104 865 1183 928 erat.
1226 862 1382 926 Praeerat

259 966 343 1030 enim
367 967 507 1033 manime
529 965 605 1033 vino
630 964 665 1030 id
686 965 772 1050 quod
795 965 955 1032 nonnullis
969 963 1050 1030 loeis
1065 963 1224 1030 Plautinis
1240 981 1383 1048 eompre-

259 1067 330 1132 bari
363 1069 519 1152 uidemus.
564 1070 602 1136 In
625 1067 728 1134 Stiohi
761 1088 791 1134 v.
814 1069 877 1133 704
904 1067 1033 1134 Stichus
1065 1067 1255 1150 Sagarinum
1289 1067 1383 1132 inter-

259 1176 365 1253 rogati
389 1171 565 1250 „Utrumne
588 1169 754 1246 Fontine¹l
776 1191 819 1236 an
843 1169 961 1237 Libero
983 1170 1158 1258 Imperium
1181 1173 1213 1236 ῖθ
1235 1168 1383 1236 inhibere

259 1273 407 1339 mavis?“
440 1277 567 1358 sesag.
594 1274 783 1360 respondet:
816 1273 941 1351 „Nimio
967 1273 1091 1357 liquido
1122 1272 1268 1339 Libero.“
1313 1271 1383 1352 Quo

263 1375 298 1440 fit
320 1383 357 1441 ut
378 1376 489 1443 vinum
511 1383 610 1462 poeta
633 1375 720 1442 dieat
743 1395 816 1443 θεεθ
839 1376 949 1442 florem
972 1376 1081 1443 Liberi
1103 1377 1157 1452 vel
1182 1376 1326 1462 leporem
1349 1382 1384 1441 ut

156 1511 160 1532 ι
262 1479 295 1546 ἰιι
320 1478 412 1544 Ouro.
443 1500 473 1545 v.
496 1481 550 1545 98:
582 1479 710 1564 „Salve²
732 1479 848 1563 anime,
870 1479 915 1548 mi
936 1478 1029 1564 lepos
1051 1463 1173 1545 Liberi:
1205 1484 1239 1544 ut
1265 1478 1384 1545 veteris

263 1580 332 1645 vini
357 1589 426 1646 eum
451 1582 601 1668 eupida;“
628 1581 707 1648 Oist.
732 1585 760 1648 1.
783 1585 811 1648 2.
826 1581 860 1647 8:
886 1600 956 1662 „me
972 1580 1132 1666 eomplevi
1147 1580 1224 1646 flore
1241 1580 1383 1666 Liberi;“

262 1682 301 1750 ef.
325 1681 397 1750 Cas.
422 1686 452 1751 3.
477 1685 504 1752 5.
529 1685 582 1771 153
614 1690 646 1752 θῖ
668 1684 765 1751 Liber
788 1685 859 1770 ipse
881 1683 958 1769 ‚vini
985 1683 1120 1769 pollens’
1153 1688 1202 1751 θεῖ
1226 1683 1262 1749 in
1291 1685 1384 1750 Cure.

261 1808 291 1853 u.
303 1787 373 1852 114.
396 1788 466 1853 Iam
489 1808 510 1854 a
531 1787 624 1854 Livio
646 1786 831 1854 Andronico
853 1788 963 1853 vinum
985 1787 1043 1853 flos
1057 1786 1167 1854 Liberi
1186 1786 1386 1852 nominatum

261 1897 332 1956 erat
365 1897 401 1955 ut
433 1889 471 1956 ir.
503 1889 619 1957 dorent
650 1891 738 1977 apud
769 1890 862 1957 Ribb.
893 1911 923 1975 p.
954 1893 987 1955 4:
1012 1889 1158 1971 „Florem
1189 1889 1386 1955 aneulabant

263 1987 373 2058 Liberi
396 2013 437 2060 θιι
461 1991 669 2060 θθιθῖιθείἱε.“
710 1994 760 2058 Ex
782 1992 857 2059 aliis
879 2012 1007 2077 quoque
1031 1991 1240 2076 soriptoribus
1264 1993 1386 2059 similes

261 2095 350 2161 looos
373 2097 535 2163 Duentzer
557 2095 590 2159 in
614 2094 756 2162 editione
779 2115 839 2162 sua
866 2095 910 2182 (p.
933 2093 988 2180 87)
1011 2095 1184 2180 oongessit.
1228 2095 1294 2161 Sed
1323 2114 1387 2161 non

263 2199 365 2263 solum
390 2198 457 2264 vini
473 2198 571 2263 Liber
592 2198 673 2266 deus
696 2204 766 2263 erat
788 2198 960 2264 sedetiam
976 2197 1146 2264 libertatis.
1181 2198 1279 2264 Liber
1301 2197 1386 2263 enim

263 2307 315 2366 est
338 2307 373 2366 ut
395 2299 441 2366 ait
464 2299 597 2366 Seruius
619 2300 663 2368 ad
684 2302 771 2367 Aen·
786 2301 806 2365 l.
830 2300 884 2366 IV.
908 2299 948 2366 58
971 2306 1048 2386 apte
1070 2299 1203 2367 urbibus
1226 2299 1386 2368 libertatis

263 2403 358 2488 deus;
383 2402 468 2471 unde
490 2404 594 2469 iorum
612 2402 839 2488 intellegemus
861 2403 895 2468 in
918 2404 1011 2489 Capt.
1035 2423 1065 2471 v.
1089 2403 1269 2468 are-578:
1301 2403 1387 2488 Tyn-

264 2505 362 2572 darus
385 2506 475 2572 dioit:
507 2506 645 2588 „Servos
663 2527 707 2592 es,
728 2506 811 2574 liber
832 2507 936 2573 fuisti:
959 2511 992 2572 et
1006 2525 1065 2589 ego
1088 2524 1142 2571 me
1164 2506 1287 2572 oonfido
1309 2507 1388 2590 fore,

261 2607 301 2678 ei
331 2608 427 2675 huius
457 2609 521 2676 buo
551 2609 779 2676 resonoiliasso
817 2608 851 2673 in
887 2609 1069 2675 libertatem
1104 2607 1230 2673 filium.“
1279 2609 1388 2676 Arist:

265 2709 372 2791 „Quid
394 2712 444 2778 ais
465 2711 618 2777 iuroifer‘?
642 2713 714 2778 Tun
736 2713 896 2777 memoras
911 2718 1044 2795 gnatum
1065 2714 1099 2776 te
1121 2730 1193 2778 esse
1210 2711 1387 2778 liberum‘?“

266 2814 385 2898 Tynda
419 2815 512 2895 „Non
544 2815 694 2899 equidem
718 2835 770 2882 me
792 2814 953 2899 Liberum,
984 2813 1043 2879 sed
1065 2813 1283 2878 Pbiloeratem
1316 2834 1389 2880 esse

267 2916 350 2982 aio.“
394 2916 509 2999 Neque
534 2917 745 2983 omittendum
768 2922 818 2982 est
840 2916 930 3002 apud
946 2917 1089 2982 Graeeos
1104 2913 1252 3003 Διονύσῳ
1275 2937 1389 3001 eogno-

266 3019 353 3084 mina
385 3019 483 3086 luisse
503 3007 700 3106 Ἐλεύθερον,
730 3008 941 3107 Ἐλευθέριον,
961 3007 1168 3106 Ἐλθιιθερέαι
1200 3019 1241 3084 ef.
1264 3019 1390 3086 Preller

267 3121 368 3208 myth.
392 3121 507 3188 Gnaeo.
530 3123 561 3187 1³
584 3124 655 3192 551.
679 3125 740 3191 553
763 3124 835 3190 adn.
859 3125 889 3190 3.
912 3124 984 3190 555.
1007 3122 1079 3190 585.
1480 3143 1481 3146 ’

354 3224 617 3310 Contemplemur
647 3245 731 3292 nuno
763 3223 892 3310 quidem
925 3233 1042 3292 sortem
1078 3232 1274 3292 mortuorum
1310 3245 1390 3310 qnos

268 3327 406 3393 Romani
422 3327 505 3392 vivis
516 3328 697 3395 hominibus
712 3328 833 3422 aurrilio
844 3346 917 3395 osse
931 3329 1088 3413 putabant
1104 3348 1278 3422 eorumque
1292 3329 1390 3396 rebus

269 3430 415 3496 omnibus
438 3431 608 3515 providere
631 3438 730 3516 atque
753 3431 929 3498 eonsulere.
972 3431 1127 3497 Homines
1158 3432 1293 3498 simulas
1324 3433 1391 3498 vita

269 3533 480 3599 deoesserunt
501 3533 535 3598 in
552 3532 772 3601 Aoberuntem
795 3533 927 3600 ueniunt
950 3569 990 3580 —
1012 3533 1046 3600 in
1060 3552 1260 3604 communem
1286 3535 1391 3601 looum

270 3642 306 3701 ut
329 3642 380 3703 est
401 3635 435 3701 in
459 3635 532 3703 (las
554 3637 635 3722 prol.
657 3657 687 3703 v.
712 3640 751 3703 19
773 3674 815 3684 -
840 3636 891 3720 (of.
907 3639 936 3702 2.
953 3639 982 3702 8.
1004 3640 1054 3722 123
1076 3637 1172 3704 Mero.
1196 3638 1270 3723 6063
1293 3638 1391 3703 Poen.

271 3741 298 3806 1.
322 3740 445 3824 3.=22.),
477 3740 564 3824 quod
588 3760 704 3806 nomen
730 3740 843 3805 tartari
875 3737 964 3825 apud
987 3741 1140 3804 Etrusoos
1162 3759 1298 3824 ¹quoque
1329 3739 1392 3806 usi-

271 3847 373 3907 tatum
397 3840 486 3927 (vide
508 3844 698 3909 Muellerum
721 3841 763 3910 ΙΙ.
787 3845 840 3922 26>
861 3848 986 3912 mature
1009 3849 1045 3906 ut
1067 3841 1196 3908 videtur
1219 3842 1312 3908 italis
1335 3863 1393 3928 per

340 4065 361 4128 ¹)
379 4061 498 4132 „Fonti‘
516 4079 573 4118 non
591 4062 698 4134 „fonti‘
717 4062 895 4120 scribendum
914 4072 970 4132 est;
988 4077 1052 4117 nam
1064 4063 1142 4119 Fons
1162 4076 1299 4134 aquarum
1313 4063 1384 4127 deus

271 4153 335 4204 arat
353 4147 436 4218 eique
454 4147 562 4204 Romae
580 4149 608 4204 in
627 4147 722 4204 multis
741 4149 796 4204 aris
816 4143 1038 4204 sacrificabatur.
